%YAML 1.1
%TAG !u! tag:unity3d.com,2011:
--- !u!29 &1
OcclusionCullingSettings:
  m_ObjectHideFlags: 0
  serializedVersion: 2
  m_OcclusionBakeSettings:
    smallestOccluder: 5
    smallestHole: 0.25
    backfaceThreshold: 100
  m_SceneGUID: 00000000000000000000000000000000
  m_OcclusionCullingData: {fileID: 0}
--- !u!104 &2
RenderSettings:
  m_ObjectHideFlags: 0
  serializedVersion: 8
  m_Fog: 0
  m_FogColor: {r: 0.5, g: 0.5, b: 0.5, a: 1}
  m_FogMode: 3
  m_FogDensity: 0.01
  m_LinearFogStart: 0
  m_LinearFogEnd: 300
  m_AmbientSkyColor: {r: 0.212, g: 0.227, b: 0.259, a: 1}
  m_AmbientEquatorColor: {r: 0.114, g: 0.125, b: 0.133, a: 1}
  m_AmbientGroundColor: {r: 0.047, g: 0.043, b: 0.035, a: 1}
  m_AmbientIntensity: 1
  m_AmbientMode: 0
  m_SubtractiveShadowColor: {r: 0.42, g: 0.478, b: 0.627, a: 1}
  m_SkyboxMaterial: {fileID: 10304, guid: 0000000000000000f000000000000000, type: 0}
  m_HaloStrength: 0.5
  m_FlareStrength: 1
  m_FlareFadeSpeed: 3
  m_HaloTexture: {fileID: 0}
  m_SpotCookie: {fileID: 10001, guid: 0000000000000000e000000000000000, type: 0}
  m_DefaultReflectionMode: 0
  m_DefaultReflectionResolution: 128
  m_ReflectionBounces: 1
  m_ReflectionIntensity: 1
  m_CustomReflection: {fileID: 0}
  m_Sun: {fileID: 0}
  m_IndirectSpecularColor: {r: 0.44657844, g: 0.49641222, b: 0.57481694, a: 1}
--- !u!157 &3
LightmapSettings:
  m_ObjectHideFlags: 0
  serializedVersion: 11
  m_GIWorkflowMode: 0
  m_GISettings:
    serializedVersion: 2
    m_BounceScale: 1
    m_IndirectOutputScale: 1
    m_AlbedoBoost: 1
    m_TemporalCoherenceThreshold: 1
    m_EnvironmentLightingMode: 0
    m_EnableBakedLightmaps: 1
    m_EnableRealtimeLightmaps: 1
  m_LightmapEditorSettings:
    serializedVersion: 9
    m_Resolution: 2
    m_BakeResolution: 40
    m_TextureWidth: 1024
    m_TextureHeight: 1024
    m_AO: 0
    m_AOMaxDistance: 1
    m_CompAOExponent: 1
    m_CompAOExponentDirect: 0
    m_Padding: 2
    m_LightmapParameters: {fileID: 0}
    m_LightmapsBakeMode: 1
    m_TextureCompression: 1
    m_FinalGather: 0
    m_FinalGatherFiltering: 1
    m_FinalGatherRayCount: 256
    m_ReflectionCompression: 2
    m_MixedBakeMode: 1
    m_BakeBackend: 0
    m_PVRSampling: 1
    m_PVRDirectSampleCount: 32
    m_PVRSampleCount: 500
    m_PVRBounces: 2
    m_PVRFilterTypeDirect: 0
    m_PVRFilterTypeIndirect: 0
    m_PVRFilterTypeAO: 0
    m_PVRFilteringMode: 0
    m_PVRCulling: 1
    m_PVRFilteringGaussRadiusDirect: 1
    m_PVRFilteringGaussRadiusIndirect: 5
    m_PVRFilteringGaussRadiusAO: 2
    m_PVRFilteringAtrousPositionSigmaDirect: 0.5
    m_PVRFilteringAtrousPositionSigmaIndirect: 2
    m_PVRFilteringAtrousPositionSigmaAO: 1
    m_ShowResolutionOverlay: 1
  m_LightingDataAsset: {fileID: 0}
  m_UseShadowmask: 0
--- !u!196 &4
NavMeshSettings:
  serializedVersion: 2
  m_ObjectHideFlags: 0
  m_BuildSettings:
    serializedVersion: 2
    agentTypeID: 0
    agentRadius: 0.5
    agentHeight: 2
    agentSlope: 45
    agentClimb: 0.4
    ledgeDropHeight: 0
    maxJumpAcrossDistance: 0
    minRegionArea: 2
    manualCellSize: 0
    cellSize: 0.16666667
    manualTileSize: 0
    tileSize: 256
    accuratePlacement: 0
    debug:
      m_Flags: 0
  m_NavMeshData: {fileID: 0}
--- !u!1 &69994846
GameObject:
  m_ObjectHideFlags: 0
  m_PrefabParentObject: {fileID: 0}
  m_PrefabInternal: {fileID: 0}
  serializedVersion: 5
  m_Component:
  - component: {fileID: 69994847}
  - component: {fileID: 69994848}
  m_Layer: 0
  m_Name: GameClient
  m_TagString: Untagged
  m_Icon: {fileID: 0}
  m_NavMeshLayer: 0
  m_StaticEditorFlags: 0
  m_IsActive: 1
--- !u!4 &69994847
Transform:
  m_ObjectHideFlags: 0
  m_PrefabParentObject: {fileID: 0}
  m_PrefabInternal: {fileID: 0}
  m_GameObject: {fileID: 69994846}
  m_LocalRotation: {x: -0, y: -0, z: -0, w: 1}
  m_LocalPosition: {x: 0, y: 0, z: 0}
  m_LocalScale: {x: 1, y: 1, z: 1}
  m_Children: []
  m_Father: {fileID: 1893165745}
  m_RootOrder: 1
  m_LocalEulerAnglesHint: {x: 0, y: 0, z: 0}
--- !u!114 &69994848
MonoBehaviour:
  m_ObjectHideFlags: 0
  m_PrefabParentObject: {fileID: 0}
  m_PrefabInternal: {fileID: 0}
  m_GameObject: {fileID: 69994846}
  m_Enabled: 1
  m_EditorHideFlags: 0
  m_Script: {fileID: 11500000, guid: ecf9b6cbfd6e5ad48b0a81739f56dfe8, type: 3}
  m_Name: 
  m_EditorClassIdentifier: 
--- !u!1 &257525953
GameObject:
  m_ObjectHideFlags: 0
  m_PrefabParentObject: {fileID: 1000011325967964, guid: 061d411002612d24d8210fc621ccdff7,
    type: 2}
  m_PrefabInternal: {fileID: 380608974}
  serializedVersion: 5
  m_Component:
  - component: {fileID: 257525954}
  - component: {fileID: 257525956}
  - component: {fileID: 257525955}
  m_Layer: 5
  m_Name: Pointer
  m_TagString: Untagged
  m_Icon: {fileID: 0}
  m_NavMeshLayer: 0
  m_StaticEditorFlags: 0
  m_IsActive: 1
--- !u!224 &257525954
RectTransform:
  m_ObjectHideFlags: 0
  m_PrefabParentObject: {fileID: 224000012148896532, guid: 061d411002612d24d8210fc621ccdff7,
    type: 2}
  m_PrefabInternal: {fileID: 380608974}
  m_GameObject: {fileID: 257525953}
  m_LocalRotation: {x: -0, y: -0, z: -0, w: 1}
  m_LocalPosition: {x: 0, y: 0, z: 0}
  m_LocalScale: {x: 1, y: 1, z: 1}
  m_Children: []
  m_Father: {fileID: 1366268728}
  m_RootOrder: 2
  m_LocalEulerAnglesHint: {x: 0, y: 0, z: 0}
  m_AnchorMin: {x: 0.5, y: 0.5}
  m_AnchorMax: {x: 0.5, y: 0.5}
  m_AnchoredPosition: {x: 0, y: 0}
  m_SizeDelta: {x: 432, y: 432}
  m_Pivot: {x: 0.5, y: 0.5}
--- !u!114 &257525955
MonoBehaviour:
  m_ObjectHideFlags: 0
  m_PrefabParentObject: {fileID: 114000010454037310, guid: 061d411002612d24d8210fc621ccdff7,
    type: 2}
  m_PrefabInternal: {fileID: 380608974}
  m_GameObject: {fileID: 257525953}
  m_Enabled: 1
  m_EditorHideFlags: 0
  m_Script: {fileID: -765806418, guid: f5f67c52d1564df4a8936ccd202a3bd8, type: 3}
  m_Name: 
  m_EditorClassIdentifier: 
  m_Material: {fileID: 0}
  m_Color: {r: 1, g: 1, b: 1, a: 1}
  m_RaycastTarget: 0
  m_OnCullStateChanged:
    m_PersistentCalls:
      m_Calls: []
    m_TypeName: UnityEngine.UI.MaskableGraphic+CullStateChangedEvent, UnityEngine.UI,
      Version=1.0.0.0, Culture=neutral, PublicKeyToken=null
  m_Sprite: {fileID: 21300000, guid: 02c58d906ac3cd94ab79220bb0f7010d, type: 3}
  m_Type: 0
  m_PreserveAspect: 0
  m_FillCenter: 1
  m_FillMethod: 4
  m_FillAmount: 1
  m_FillClockwise: 1
  m_FillOrigin: 0
--- !u!222 &257525956
CanvasRenderer:
  m_ObjectHideFlags: 0
  m_PrefabParentObject: {fileID: 222000013707810058, guid: 061d411002612d24d8210fc621ccdff7,
    type: 2}
  m_PrefabInternal: {fileID: 380608974}
  m_GameObject: {fileID: 257525953}
--- !u!1 &312887036
GameObject:
  m_ObjectHideFlags: 0
  m_PrefabParentObject: {fileID: 1000012391235640, guid: 061d411002612d24d8210fc621ccdff7,
    type: 2}
  m_PrefabInternal: {fileID: 380608974}
  serializedVersion: 5
  m_Component:
  - component: {fileID: 1366268728}
  - component: {fileID: 312887037}
  m_Layer: 5
  m_Name: MarkerUI_RadialMenu
  m_TagString: Untagged
  m_Icon: {fileID: 0}
  m_NavMeshLayer: 0
  m_StaticEditorFlags: 0
  m_IsActive: 0
--- !u!114 &312887037
MonoBehaviour:
  m_ObjectHideFlags: 0
  m_PrefabParentObject: {fileID: 114000010681629100, guid: 061d411002612d24d8210fc621ccdff7,
    type: 2}
  m_PrefabInternal: {fileID: 380608974}
  m_GameObject: {fileID: 312887036}
  m_Enabled: 1
  m_EditorHideFlags: 0
  m_Script: {fileID: 11500000, guid: 4c41369da48a97a43aff5ffd16b339b9, type: 3}
  m_Name: 
  m_EditorClassIdentifier: 
  uiName: 
  menu: {fileID: 1550885321}
--- !u!1 &355721636
GameObject:
  m_ObjectHideFlags: 0
  m_PrefabParentObject: {fileID: 1000010288911770, guid: 061d411002612d24d8210fc621ccdff7,
    type: 2}
  m_PrefabInternal: {fileID: 380608974}
  serializedVersion: 5
  m_Component:
  - component: {fileID: 355721637}
  - component: {fileID: 355721639}
  - component: {fileID: 355721638}
  m_Layer: 5
  m_Name: Image
  m_TagString: Untagged
  m_Icon: {fileID: 0}
  m_NavMeshLayer: 0
  m_StaticEditorFlags: 0
  m_IsActive: 1
--- !u!224 &355721637
RectTransform:
  m_ObjectHideFlags: 0
  m_PrefabParentObject: {fileID: 224000013608482328, guid: 061d411002612d24d8210fc621ccdff7,
    type: 2}
  m_PrefabInternal: {fileID: 380608974}
  m_GameObject: {fileID: 355721636}
  m_LocalRotation: {x: -0, y: -0, z: -0, w: 1}
  m_LocalPosition: {x: 0, y: 0, z: 0}
  m_LocalScale: {x: 1, y: 1, z: 1}
  m_Children: []
  m_Father: {fileID: 1450142788}
  m_RootOrder: 0
  m_LocalEulerAnglesHint: {x: 0, y: 0, z: 0}
  m_AnchorMin: {x: 0.5, y: 0.5}
  m_AnchorMax: {x: 0.5, y: 0.5}
  m_AnchoredPosition: {x: 0, y: 0}
  m_SizeDelta: {x: 110, y: 110}
  m_Pivot: {x: 0.5, y: 0.5}
--- !u!114 &355721638
MonoBehaviour:
  m_ObjectHideFlags: 0
  m_PrefabParentObject: {fileID: 114000011512615010, guid: 061d411002612d24d8210fc621ccdff7,
    type: 2}
  m_PrefabInternal: {fileID: 380608974}
  m_GameObject: {fileID: 355721636}
  m_Enabled: 1
  m_EditorHideFlags: 0
  m_Script: {fileID: -765806418, guid: f5f67c52d1564df4a8936ccd202a3bd8, type: 3}
  m_Name: 
  m_EditorClassIdentifier: 
  m_Material: {fileID: 0}
  m_Color: {r: 1, g: 1, b: 1, a: 1}
  m_RaycastTarget: 0
  m_OnCullStateChanged:
    m_PersistentCalls:
      m_Calls: []
    m_TypeName: UnityEngine.UI.MaskableGraphic+CullStateChangedEvent, UnityEngine.UI,
      Version=1.0.0.0, Culture=neutral, PublicKeyToken=null
  m_Sprite: {fileID: 21300000, guid: e108e71897ee429488e30c98178151e3, type: 3}
  m_Type: 0
  m_PreserveAspect: 0
  m_FillCenter: 1
  m_FillMethod: 4
  m_FillAmount: 1
  m_FillClockwise: 1
  m_FillOrigin: 0
--- !u!222 &355721639
CanvasRenderer:
  m_ObjectHideFlags: 0
  m_PrefabParentObject: {fileID: 222000012483656100, guid: 061d411002612d24d8210fc621ccdff7,
    type: 2}
  m_PrefabInternal: {fileID: 380608974}
  m_GameObject: {fileID: 355721636}
--- !u!1001 &380608974
Prefab:
  m_ObjectHideFlags: 0
  serializedVersion: 2
  m_Modification:
    m_TransformParent: {fileID: 693749966}
    m_Modifications:
    - target: {fileID: 224000011371283766, guid: 061d411002612d24d8210fc621ccdff7,
        type: 2}
      propertyPath: m_LocalPosition.x
      value: 0
      objectReference: {fileID: 0}
    - target: {fileID: 224000011371283766, guid: 061d411002612d24d8210fc621ccdff7,
        type: 2}
      propertyPath: m_LocalPosition.y
      value: 0
      objectReference: {fileID: 0}
    - target: {fileID: 224000011371283766, guid: 061d411002612d24d8210fc621ccdff7,
        type: 2}
      propertyPath: m_LocalPosition.z
      value: 0
      objectReference: {fileID: 0}
    - target: {fileID: 224000011371283766, guid: 061d411002612d24d8210fc621ccdff7,
        type: 2}
      propertyPath: m_LocalRotation.x
      value: -0
      objectReference: {fileID: 0}
    - target: {fileID: 224000011371283766, guid: 061d411002612d24d8210fc621ccdff7,
        type: 2}
      propertyPath: m_LocalRotation.y
      value: -0
      objectReference: {fileID: 0}
    - target: {fileID: 224000011371283766, guid: 061d411002612d24d8210fc621ccdff7,
        type: 2}
      propertyPath: m_LocalRotation.z
      value: -0
      objectReference: {fileID: 0}
    - target: {fileID: 224000011371283766, guid: 061d411002612d24d8210fc621ccdff7,
        type: 2}
      propertyPath: m_LocalRotation.w
      value: 1
      objectReference: {fileID: 0}
    - target: {fileID: 224000011371283766, guid: 061d411002612d24d8210fc621ccdff7,
        type: 2}
      propertyPath: m_RootOrder
      value: 2
      objectReference: {fileID: 0}
    - target: {fileID: 224000011371283766, guid: 061d411002612d24d8210fc621ccdff7,
        type: 2}
      propertyPath: m_AnchoredPosition.x
      value: -2.1680908
      objectReference: {fileID: 0}
    - target: {fileID: 224000011371283766, guid: 061d411002612d24d8210fc621ccdff7,
        type: 2}
      propertyPath: m_AnchoredPosition.y
      value: 67.9137
      objectReference: {fileID: 0}
    - target: {fileID: 224000011371283766, guid: 061d411002612d24d8210fc621ccdff7,
        type: 2}
      propertyPath: m_SizeDelta.x
      value: 100
      objectReference: {fileID: 0}
    - target: {fileID: 224000011371283766, guid: 061d411002612d24d8210fc621ccdff7,
        type: 2}
      propertyPath: m_SizeDelta.y
      value: 100
      objectReference: {fileID: 0}
    - target: {fileID: 224000011371283766, guid: 061d411002612d24d8210fc621ccdff7,
        type: 2}
      propertyPath: m_AnchorMin.x
      value: 0.5
      objectReference: {fileID: 0}
    - target: {fileID: 224000011371283766, guid: 061d411002612d24d8210fc621ccdff7,
        type: 2}
      propertyPath: m_AnchorMin.y
      value: 0.5
      objectReference: {fileID: 0}
    - target: {fileID: 224000011371283766, guid: 061d411002612d24d8210fc621ccdff7,
        type: 2}
      propertyPath: m_AnchorMax.x
      value: 0.5
      objectReference: {fileID: 0}
    - target: {fileID: 224000011371283766, guid: 061d411002612d24d8210fc621ccdff7,
        type: 2}
      propertyPath: m_AnchorMax.y
      value: 0.5
      objectReference: {fileID: 0}
    - target: {fileID: 224000011371283766, guid: 061d411002612d24d8210fc621ccdff7,
        type: 2}
      propertyPath: m_Pivot.x
      value: 0.5
      objectReference: {fileID: 0}
    - target: {fileID: 224000011371283766, guid: 061d411002612d24d8210fc621ccdff7,
        type: 2}
      propertyPath: m_Pivot.y
      value: 0.5
      objectReference: {fileID: 0}
    - target: {fileID: 1000012391235640, guid: 061d411002612d24d8210fc621ccdff7, type: 2}
      propertyPath: m_IsActive
      value: 0
      objectReference: {fileID: 0}
    m_RemovedComponents: []
  m_ParentPrefab: {fileID: 100100000, guid: 061d411002612d24d8210fc621ccdff7, type: 2}
  m_RootGameObject: {fileID: 312887036}
  m_IsPrefabParent: 0
--- !u!1 &395118367
GameObject:
  m_ObjectHideFlags: 0
  m_PrefabParentObject: {fileID: 1000010088823372, guid: 4c69b0f239183c048a6c1ab7e75ec6ff,
    type: 2}
  m_PrefabInternal: {fileID: 1738589535}
  serializedVersion: 5
  m_Component:
  - component: {fileID: 395118368}
  - component: {fileID: 395118371}
  - component: {fileID: 395118370}
  - component: {fileID: 395118369}
  m_Layer: 5
  m_Name: Slider
  m_TagString: Untagged
  m_Icon: {fileID: 0}
  m_NavMeshLayer: 0
  m_StaticEditorFlags: 0
  m_IsActive: 1
--- !u!224 &395118368
RectTransform:
  m_ObjectHideFlags: 0
  m_PrefabParentObject: {fileID: 224000012414381674, guid: 4c69b0f239183c048a6c1ab7e75ec6ff,
    type: 2}
  m_PrefabInternal: {fileID: 1738589535}
  m_GameObject: {fileID: 395118367}
  m_LocalRotation: {x: -0, y: -0, z: -0, w: 1}
  m_LocalPosition: {x: 0, y: 0, z: 0}
  m_LocalScale: {x: 1, y: 1, z: 1}
  m_Children:
  - {fileID: 933260904}
  m_Father: {fileID: 1619371734}
  m_RootOrder: 0
  m_LocalEulerAnglesHint: {x: 0, y: 0, z: 0}
  m_AnchorMin: {x: 0.5, y: 0.5}
  m_AnchorMax: {x: 0.5, y: 0.5}
  m_AnchoredPosition: {x: 0, y: 0}
  m_SizeDelta: {x: 320, y: 320}
  m_Pivot: {x: 0.5, y: 0.5}
--- !u!114 &395118369
MonoBehaviour:
  m_ObjectHideFlags: 0
  m_PrefabParentObject: {fileID: 114000013397337144, guid: 4c69b0f239183c048a6c1ab7e75ec6ff,
    type: 2}
  m_PrefabInternal: {fileID: 1738589535}
  m_GameObject: {fileID: 395118367}
  m_Enabled: 1
  m_EditorHideFlags: 0
  m_Script: {fileID: 11500000, guid: 26edbc17f8341e14090ab83490735afe, type: 3}
  m_Name: 
  m_EditorClassIdentifier: 
  minValue: 0
  maxValue: 1
  fillRect: {fileID: 395118370}
  m_value01: 0
--- !u!114 &395118370
MonoBehaviour:
  m_ObjectHideFlags: 0
  m_PrefabParentObject: {fileID: 114000014060064512, guid: 4c69b0f239183c048a6c1ab7e75ec6ff,
    type: 2}
  m_PrefabInternal: {fileID: 1738589535}
  m_GameObject: {fileID: 395118367}
  m_Enabled: 1
  m_EditorHideFlags: 0
  m_Script: {fileID: -765806418, guid: f5f67c52d1564df4a8936ccd202a3bd8, type: 3}
  m_Name: 
  m_EditorClassIdentifier: 
  m_Material: {fileID: 0}
  m_Color: {r: 0.14759949, g: 0.77205884, b: 0.51366186, a: 1}
  m_RaycastTarget: 1
  m_OnCullStateChanged:
    m_PersistentCalls:
      m_Calls: []
    m_TypeName: UnityEngine.UI.MaskableGraphic+CullStateChangedEvent, UnityEngine.UI,
      Version=1.0.0.0, Culture=neutral, PublicKeyToken=null
  m_Sprite: {fileID: 21300000, guid: bfc4f10a4d20a32429fa83d8edf43d52, type: 3}
  m_Type: 3
  m_PreserveAspect: 0
  m_FillCenter: 1
  m_FillMethod: 4
  m_FillAmount: 0.26
  m_FillClockwise: 1
  m_FillOrigin: 2
--- !u!222 &395118371
CanvasRenderer:
  m_ObjectHideFlags: 0
  m_PrefabParentObject: {fileID: 222000013379878146, guid: 4c69b0f239183c048a6c1ab7e75ec6ff,
    type: 2}
  m_PrefabInternal: {fileID: 1738589535}
  m_GameObject: {fileID: 395118367}
--- !u!1001 &423696582
Prefab:
  m_ObjectHideFlags: 0
  serializedVersion: 2
  m_Modification:
    m_TransformParent: {fileID: 693749966}
    m_Modifications:
    - target: {fileID: 224000011675378480, guid: bcb32a9ec4b8ed9408d6bf36d3d67753,
        type: 2}
      propertyPath: m_LocalPosition.x
      value: 0
      objectReference: {fileID: 0}
    - target: {fileID: 224000011675378480, guid: bcb32a9ec4b8ed9408d6bf36d3d67753,
        type: 2}
      propertyPath: m_LocalPosition.y
      value: 0
      objectReference: {fileID: 0}
    - target: {fileID: 224000011675378480, guid: bcb32a9ec4b8ed9408d6bf36d3d67753,
        type: 2}
      propertyPath: m_LocalPosition.z
      value: 0
      objectReference: {fileID: 0}
    - target: {fileID: 224000011675378480, guid: bcb32a9ec4b8ed9408d6bf36d3d67753,
        type: 2}
      propertyPath: m_LocalRotation.x
      value: 0
      objectReference: {fileID: 0}
    - target: {fileID: 224000011675378480, guid: bcb32a9ec4b8ed9408d6bf36d3d67753,
        type: 2}
      propertyPath: m_LocalRotation.y
      value: 0
      objectReference: {fileID: 0}
    - target: {fileID: 224000011675378480, guid: bcb32a9ec4b8ed9408d6bf36d3d67753,
        type: 2}
      propertyPath: m_LocalRotation.z
      value: 0
      objectReference: {fileID: 0}
    - target: {fileID: 224000011675378480, guid: bcb32a9ec4b8ed9408d6bf36d3d67753,
        type: 2}
      propertyPath: m_LocalRotation.w
      value: 1
      objectReference: {fileID: 0}
    - target: {fileID: 224000011675378480, guid: bcb32a9ec4b8ed9408d6bf36d3d67753,
        type: 2}
      propertyPath: m_RootOrder
      value: 1
      objectReference: {fileID: 0}
    - target: {fileID: 224000011675378480, guid: bcb32a9ec4b8ed9408d6bf36d3d67753,
        type: 2}
      propertyPath: m_AnchoredPosition.x
      value: -2.1680298
      objectReference: {fileID: 0}
    - target: {fileID: 224000011675378480, guid: bcb32a9ec4b8ed9408d6bf36d3d67753,
        type: 2}
      propertyPath: m_AnchoredPosition.y
      value: 67.9137
      objectReference: {fileID: 0}
    - target: {fileID: 224000011675378480, guid: bcb32a9ec4b8ed9408d6bf36d3d67753,
        type: 2}
      propertyPath: m_SizeDelta.x
      value: 100
      objectReference: {fileID: 0}
    - target: {fileID: 224000011675378480, guid: bcb32a9ec4b8ed9408d6bf36d3d67753,
        type: 2}
      propertyPath: m_SizeDelta.y
      value: 100
      objectReference: {fileID: 0}
    - target: {fileID: 224000011675378480, guid: bcb32a9ec4b8ed9408d6bf36d3d67753,
        type: 2}
      propertyPath: m_AnchorMin.x
      value: 0.5
      objectReference: {fileID: 0}
    - target: {fileID: 224000011675378480, guid: bcb32a9ec4b8ed9408d6bf36d3d67753,
        type: 2}
      propertyPath: m_AnchorMin.y
      value: 0.5
      objectReference: {fileID: 0}
    - target: {fileID: 224000011675378480, guid: bcb32a9ec4b8ed9408d6bf36d3d67753,
        type: 2}
      propertyPath: m_AnchorMax.x
      value: 0.5
      objectReference: {fileID: 0}
    - target: {fileID: 224000011675378480, guid: bcb32a9ec4b8ed9408d6bf36d3d67753,
        type: 2}
      propertyPath: m_AnchorMax.y
      value: 0.5
      objectReference: {fileID: 0}
    - target: {fileID: 224000011675378480, guid: bcb32a9ec4b8ed9408d6bf36d3d67753,
        type: 2}
      propertyPath: m_Pivot.x
      value: 0.5
      objectReference: {fileID: 0}
    - target: {fileID: 224000011675378480, guid: bcb32a9ec4b8ed9408d6bf36d3d67753,
        type: 2}
      propertyPath: m_Pivot.y
      value: 0.5
      objectReference: {fileID: 0}
    - target: {fileID: 1000011934691336, guid: bcb32a9ec4b8ed9408d6bf36d3d67753, type: 2}
      propertyPath: m_IsActive
      value: 0
      objectReference: {fileID: 0}
    m_RemovedComponents: []
  m_ParentPrefab: {fileID: 100100000, guid: bcb32a9ec4b8ed9408d6bf36d3d67753, type: 2}
  m_RootGameObject: {fileID: 1177098924}
  m_IsPrefabParent: 0
--- !u!224 &423696583
RectTransform:
  m_ObjectHideFlags: 0
  m_PrefabParentObject: {fileID: 224000011675378480, guid: bcb32a9ec4b8ed9408d6bf36d3d67753,
    type: 2}
  m_PrefabInternal: {fileID: 423696582}
  m_GameObject: {fileID: 1177098924}
  m_LocalRotation: {x: 0, y: 0, z: 0, w: 1}
  m_LocalPosition: {x: 0, y: 0, z: 0}
  m_LocalScale: {x: 1, y: 1, z: 1}
  m_Children:
  - {fileID: 1721250086}
  - {fileID: 1069531533}
  m_Father: {fileID: 693749966}
  m_RootOrder: 1
  m_LocalEulerAnglesHint: {x: 0, y: 0, z: 0}
  m_AnchorMin: {x: 0.5, y: 0.5}
  m_AnchorMax: {x: 0.5, y: 0.5}
  m_AnchoredPosition: {x: -2.1680298, y: 67.9137}
  m_SizeDelta: {x: 100, y: 100}
  m_Pivot: {x: 0.5, y: 0.5}
--- !u!1 &463425023
GameObject:
  m_ObjectHideFlags: 0
  m_PrefabParentObject: {fileID: 0}
  m_PrefabInternal: {fileID: 0}
  serializedVersion: 5
  m_Component:
  - component: {fileID: 463425024}
  - component: {fileID: 463425025}
  m_Layer: 0
  m_Name: TuioListener
  m_TagString: Untagged
  m_Icon: {fileID: 0}
  m_NavMeshLayer: 0
  m_StaticEditorFlags: 0
  m_IsActive: 1
--- !u!4 &463425024
Transform:
  m_ObjectHideFlags: 0
  m_PrefabParentObject: {fileID: 0}
  m_PrefabInternal: {fileID: 0}
  m_GameObject: {fileID: 463425023}
  m_LocalRotation: {x: -0, y: -0, z: -0, w: 1}
  m_LocalPosition: {x: 0, y: 0, z: 0}
  m_LocalScale: {x: 1, y: 1, z: 1}
  m_Children: []
  m_Father: {fileID: 1893165745}
  m_RootOrder: 3
  m_LocalEulerAnglesHint: {x: 0, y: 0, z: 0}
--- !u!114 &463425025
MonoBehaviour:
  m_ObjectHideFlags: 0
  m_PrefabParentObject: {fileID: 0}
  m_PrefabInternal: {fileID: 0}
  m_GameObject: {fileID: 463425023}
  m_Enabled: 1
  m_EditorHideFlags: 0
  m_Script: {fileID: 11500000, guid: 98728f177afe8944887f8a8112b8a22f, type: 3}
  m_Name: 
  m_EditorClassIdentifier: 
  tuioPort: 3333
  infoText: {fileID: 1459586493}
--- !u!1 &494562385
GameObject:
  m_ObjectHideFlags: 0
  m_PrefabParentObject: {fileID: 1000011777144748, guid: 061d411002612d24d8210fc621ccdff7,
    type: 2}
  m_PrefabInternal: {fileID: 380608974}
  serializedVersion: 5
  m_Component:
  - component: {fileID: 494562386}
  - component: {fileID: 494562388}
  - component: {fileID: 494562387}
  m_Layer: 5
  m_Name: NextItemHighlight
  m_TagString: Untagged
  m_Icon: {fileID: 0}
  m_NavMeshLayer: 0
  m_StaticEditorFlags: 0
  m_IsActive: 1
--- !u!224 &494562386
RectTransform:
  m_ObjectHideFlags: 0
  m_PrefabParentObject: {fileID: 224000010128483804, guid: 061d411002612d24d8210fc621ccdff7,
    type: 2}
  m_PrefabInternal: {fileID: 380608974}
  m_GameObject: {fileID: 494562385}
  m_LocalRotation: {x: -0, y: -0, z: -0, w: 1}
  m_LocalPosition: {x: 0, y: 0, z: 0}
  m_LocalScale: {x: 1, y: 1, z: 1}
  m_Children: []
  m_Father: {fileID: 1550885320}
  m_RootOrder: 2
  m_LocalEulerAnglesHint: {x: 0, y: 0, z: 0}
  m_AnchorMin: {x: 0.5, y: 0.5}
  m_AnchorMax: {x: 0.5, y: 0.5}
  m_AnchoredPosition: {x: 0, y: 0}
  m_SizeDelta: {x: 432, y: 432}
  m_Pivot: {x: 0.5, y: 0.5}
--- !u!114 &494562387
MonoBehaviour:
  m_ObjectHideFlags: 0
  m_PrefabParentObject: {fileID: 114000010397290846, guid: 061d411002612d24d8210fc621ccdff7,
    type: 2}
  m_PrefabInternal: {fileID: 380608974}
  m_GameObject: {fileID: 494562385}
  m_Enabled: 1
  m_EditorHideFlags: 0
  m_Script: {fileID: -765806418, guid: f5f67c52d1564df4a8936ccd202a3bd8, type: 3}
  m_Name: 
  m_EditorClassIdentifier: 
  m_Material: {fileID: 0}
  m_Color: {r: 1, g: 1, b: 1, a: 0.559}
  m_RaycastTarget: 0
  m_OnCullStateChanged:
    m_PersistentCalls:
      m_Calls: []
    m_TypeName: UnityEngine.UI.MaskableGraphic+CullStateChangedEvent, UnityEngine.UI,
      Version=1.0.0.0, Culture=neutral, PublicKeyToken=null
  m_Sprite: {fileID: 21300000, guid: 1ab684507cc966045b99e7794754fd7f, type: 3}
  m_Type: 3
  m_PreserveAspect: 0
  m_FillCenter: 1
  m_FillMethod: 4
  m_FillAmount: 0.78
  m_FillClockwise: 1
  m_FillOrigin: 1
--- !u!222 &494562388
CanvasRenderer:
  m_ObjectHideFlags: 0
  m_PrefabParentObject: {fileID: 222000011690180876, guid: 061d411002612d24d8210fc621ccdff7,
    type: 2}
  m_PrefabInternal: {fileID: 380608974}
  m_GameObject: {fileID: 494562385}
--- !u!1 &693749962
GameObject:
  m_ObjectHideFlags: 0
  m_PrefabParentObject: {fileID: 0}
  m_PrefabInternal: {fileID: 0}
  serializedVersion: 5
  m_Component:
  - component: {fileID: 693749966}
  - component: {fileID: 693749965}
  - component: {fileID: 693749964}
  - component: {fileID: 693749963}
  m_Layer: 5
  m_Name: Canvas
  m_TagString: Untagged
  m_Icon: {fileID: 0}
  m_NavMeshLayer: 0
  m_StaticEditorFlags: 0
  m_IsActive: 1
--- !u!114 &693749963
MonoBehaviour:
  m_ObjectHideFlags: 0
  m_PrefabParentObject: {fileID: 0}
  m_PrefabInternal: {fileID: 0}
  m_GameObject: {fileID: 693749962}
  m_Enabled: 1
  m_EditorHideFlags: 0
  m_Script: {fileID: 1301386320, guid: f5f67c52d1564df4a8936ccd202a3bd8, type: 3}
  m_Name: 
  m_EditorClassIdentifier: 
  m_IgnoreReversedGraphics: 1
  m_BlockingObjects: 0
  m_BlockingMask:
    serializedVersion: 2
    m_Bits: 4294967295
--- !u!114 &693749964
MonoBehaviour:
  m_ObjectHideFlags: 0
  m_PrefabParentObject: {fileID: 0}
  m_PrefabInternal: {fileID: 0}
  m_GameObject: {fileID: 693749962}
  m_Enabled: 1
  m_EditorHideFlags: 0
  m_Script: {fileID: 1980459831, guid: f5f67c52d1564df4a8936ccd202a3bd8, type: 3}
  m_Name: 
  m_EditorClassIdentifier: 
  m_UiScaleMode: 0
  m_ReferencePixelsPerUnit: 100
  m_ScaleFactor: 1
  m_ReferenceResolution: {x: 800, y: 600}
  m_ScreenMatchMode: 0
  m_MatchWidthOrHeight: 0
  m_PhysicalUnit: 3
  m_FallbackScreenDPI: 96
  m_DefaultSpriteDPI: 96
  m_DynamicPixelsPerUnit: 1
--- !u!223 &693749965
Canvas:
  m_ObjectHideFlags: 0
  m_PrefabParentObject: {fileID: 0}
  m_PrefabInternal: {fileID: 0}
  m_GameObject: {fileID: 693749962}
  m_Enabled: 1
  serializedVersion: 3
  m_RenderMode: 0
  m_Camera: {fileID: 0}
  m_PlaneDistance: 100
  m_PixelPerfect: 0
  m_ReceivesEvents: 1
  m_OverrideSorting: 0
  m_OverridePixelPerfect: 0
  m_SortingBucketNormalizedSize: 0
  m_AdditionalShaderChannelsFlag: 25
  m_SortingLayerID: 0
  m_SortingOrder: 0
  m_TargetDisplay: 0
--- !u!224 &693749966
RectTransform:
  m_ObjectHideFlags: 0
  m_PrefabParentObject: {fileID: 0}
  m_PrefabInternal: {fileID: 0}
  m_GameObject: {fileID: 693749962}
  m_LocalRotation: {x: 0, y: 0, z: 0, w: 1}
  m_LocalPosition: {x: 0, y: 0, z: 0}
  m_LocalScale: {x: 0, y: 0, z: 0}
  m_Children:
  - {fileID: 1459586492}
  - {fileID: 423696583}
  - {fileID: 1366268728}
  - {fileID: 1619371734}
  m_Father: {fileID: 0}
  m_RootOrder: 2
  m_LocalEulerAnglesHint: {x: 0, y: 0, z: 0}
  m_AnchorMin: {x: 0, y: 0}
  m_AnchorMax: {x: 0, y: 0}
  m_AnchoredPosition: {x: 0, y: 0}
  m_SizeDelta: {x: 0, y: 0}
  m_Pivot: {x: 0, y: 0}
--- !u!1 &899808624
GameObject:
  m_ObjectHideFlags: 0
  m_PrefabParentObject: {fileID: 0}
  m_PrefabInternal: {fileID: 0}
  serializedVersion: 5
  m_Component:
  - component: {fileID: 899808626}
  - component: {fileID: 899808625}
  m_Layer: 0
  m_Name: Directional Light
  m_TagString: Untagged
  m_Icon: {fileID: 0}
  m_NavMeshLayer: 0
  m_StaticEditorFlags: 0
  m_IsActive: 1
--- !u!108 &899808625
Light:
  m_ObjectHideFlags: 0
  m_PrefabParentObject: {fileID: 0}
  m_PrefabInternal: {fileID: 0}
  m_GameObject: {fileID: 899808624}
  m_Enabled: 1
  serializedVersion: 8
  m_Type: 1
  m_Color: {r: 1, g: 0.95686275, b: 0.8392157, a: 1}
  m_Intensity: 1
  m_Range: 10
  m_SpotAngle: 30
  m_CookieSize: 10
  m_Shadows:
    m_Type: 2
    m_Resolution: -1
    m_CustomResolution: -1
    m_Strength: 1
    m_Bias: 0.05
    m_NormalBias: 0.4
    m_NearPlane: 0.2
  m_Cookie: {fileID: 0}
  m_DrawHalo: 0
  m_Flare: {fileID: 0}
  m_RenderMode: 0
  m_CullingMask:
    serializedVersion: 2
    m_Bits: 4294967295
  m_Lightmapping: 4
  m_AreaSize: {x: 1, y: 1}
  m_BounceIntensity: 1
  m_ColorTemperature: 6570
  m_UseColorTemperature: 0
  m_ShadowRadius: 0
  m_ShadowAngle: 0
--- !u!4 &899808626
Transform:
  m_ObjectHideFlags: 0
  m_PrefabParentObject: {fileID: 0}
  m_PrefabInternal: {fileID: 0}
  m_GameObject: {fileID: 899808624}
  m_LocalRotation: {x: 0.40821788, y: -0.23456968, z: 0.10938163, w: 0.8754261}
  m_LocalPosition: {x: 0, y: 3, z: 0}
  m_LocalScale: {x: 1, y: 1, z: 1}
  m_Children: []
  m_Father: {fileID: 0}
  m_RootOrder: 1
  m_LocalEulerAnglesHint: {x: 50, y: -30, z: 0}
--- !u!1 &933260903
GameObject:
  m_ObjectHideFlags: 0
  m_PrefabParentObject: {fileID: 1000010057304200, guid: 4c69b0f239183c048a6c1ab7e75ec6ff,
    type: 2}
  m_PrefabInternal: {fileID: 1738589535}
  serializedVersion: 5
  m_Component:
  - component: {fileID: 933260904}
  - component: {fileID: 933260907}
  - component: {fileID: 933260906}
  - component: {fileID: 933260905}
  m_Layer: 5
  m_Name: Handle
  m_TagString: Untagged
  m_Icon: {fileID: 0}
  m_NavMeshLayer: 0
  m_StaticEditorFlags: 0
  m_IsActive: 1
--- !u!224 &933260904
RectTransform:
  m_ObjectHideFlags: 0
  m_PrefabParentObject: {fileID: 224000012428443018, guid: 4c69b0f239183c048a6c1ab7e75ec6ff,
    type: 2}
  m_PrefabInternal: {fileID: 1738589535}
  m_GameObject: {fileID: 933260903}
  m_LocalRotation: {x: -0, y: -0, z: -0, w: 1}
  m_LocalPosition: {x: 0, y: 0, z: 0}
  m_LocalScale: {x: 1, y: 1, z: 1}
  m_Children: []
  m_Father: {fileID: 395118368}
  m_RootOrder: 0
  m_LocalEulerAnglesHint: {x: 0, y: 0, z: 0}
  m_AnchorMin: {x: 0.5, y: 0.5}
  m_AnchorMax: {x: 0.5, y: 0.5}
  m_AnchoredPosition: {x: 0, y: 127.5}
  m_SizeDelta: {x: 65, y: 65}
  m_Pivot: {x: 0.5, y: 0.5}
--- !u!114 &933260905
MonoBehaviour:
  m_ObjectHideFlags: 0
  m_PrefabParentObject: {fileID: 114000013322647480, guid: 4c69b0f239183c048a6c1ab7e75ec6ff,
    type: 2}
  m_PrefabInternal: {fileID: 1738589535}
  m_GameObject: {fileID: 933260903}
  m_Enabled: 1
  m_EditorHideFlags: 0
  m_Script: {fileID: 11500000, guid: 120409da8b358eb499485fdca9e39b7a, type: 3}
  m_Name: 
  m_EditorClassIdentifier: 
  rotateCenter: {fileID: 395118368}
  minValue: 0
  maxValue: 359
  startAngle: 270
  radius: 130
  radialSlider: {fileID: 395118369}
--- !u!114 &933260906
MonoBehaviour:
  m_ObjectHideFlags: 0
  m_PrefabParentObject: {fileID: 114000012829155350, guid: 4c69b0f239183c048a6c1ab7e75ec6ff,
    type: 2}
  m_PrefabInternal: {fileID: 1738589535}
  m_GameObject: {fileID: 933260903}
  m_Enabled: 1
  m_EditorHideFlags: 0
  m_Script: {fileID: -765806418, guid: f5f67c52d1564df4a8936ccd202a3bd8, type: 3}
  m_Name: 
  m_EditorClassIdentifier: 
  m_Material: {fileID: 0}
  m_Color: {r: 1, g: 1, b: 1, a: 1}
  m_RaycastTarget: 1
  m_OnCullStateChanged:
    m_PersistentCalls:
      m_Calls: []
    m_TypeName: UnityEngine.UI.MaskableGraphic+CullStateChangedEvent, UnityEngine.UI,
      Version=1.0.0.0, Culture=neutral, PublicKeyToken=null
  m_Sprite: {fileID: 10913, guid: 0000000000000000f000000000000000, type: 0}
  m_Type: 0
  m_PreserveAspect: 0
  m_FillCenter: 1
  m_FillMethod: 4
  m_FillAmount: 0.26
  m_FillClockwise: 1
  m_FillOrigin: 2
--- !u!222 &933260907
CanvasRenderer:
  m_ObjectHideFlags: 0
  m_PrefabParentObject: {fileID: 222000013498396638, guid: 4c69b0f239183c048a6c1ab7e75ec6ff,
    type: 2}
  m_PrefabInternal: {fileID: 1738589535}
  m_GameObject: {fileID: 933260903}
--- !u!1 &993926171
GameObject:
  m_ObjectHideFlags: 0
  m_PrefabParentObject: {fileID: 1000013202869618, guid: 061d411002612d24d8210fc621ccdff7,
    type: 2}
  m_PrefabInternal: {fileID: 380608974}
  serializedVersion: 5
  m_Component:
  - component: {fileID: 993926172}
  - component: {fileID: 993926175}
  - component: {fileID: 993926174}
  - component: {fileID: 993926173}
  m_Layer: 5
  m_Name: Animation2
  m_TagString: Untagged
  m_Icon: {fileID: 0}
  m_NavMeshLayer: 0
  m_StaticEditorFlags: 0
  m_IsActive: 1
--- !u!224 &993926172
RectTransform:
  m_ObjectHideFlags: 0
  m_PrefabParentObject: {fileID: 224000011831438920, guid: 061d411002612d24d8210fc621ccdff7,
    type: 2}
  m_PrefabInternal: {fileID: 380608974}
  m_GameObject: {fileID: 993926171}
  m_LocalRotation: {x: -0, y: -0, z: -0, w: 1}
  m_LocalPosition: {x: 0, y: 0, z: 0}
  m_LocalScale: {x: 1, y: 1, z: 1}
  m_Children: []
  m_Father: {fileID: 1450142788}
  m_RootOrder: 2
  m_LocalEulerAnglesHint: {x: 0, y: 0, z: 0}
  m_AnchorMin: {x: 0.5, y: 0.5}
  m_AnchorMax: {x: 0.5, y: 0.5}
  m_AnchoredPosition: {x: 0, y: 0}
  m_SizeDelta: {x: 222, y: 222}
  m_Pivot: {x: 0.5, y: 0.5}
--- !u!114 &993926173
MonoBehaviour:
  m_ObjectHideFlags: 0
  m_PrefabParentObject: {fileID: 114000013496132778, guid: 061d411002612d24d8210fc621ccdff7,
    type: 2}
  m_PrefabInternal: {fileID: 380608974}
  m_GameObject: {fileID: 993926171}
  m_Enabled: 1
  m_EditorHideFlags: 0
  m_Script: {fileID: 11500000, guid: d8488277a5c19d040bd6f4c985efce4b, type: 3}
  m_Name: 
  m_EditorClassIdentifier: 
  rotateSpeed: 120
  clockwise: 0
  startAngle: 0
--- !u!114 &993926174
MonoBehaviour:
  m_ObjectHideFlags: 0
  m_PrefabParentObject: {fileID: 114000013060937584, guid: 061d411002612d24d8210fc621ccdff7,
    type: 2}
  m_PrefabInternal: {fileID: 380608974}
  m_GameObject: {fileID: 993926171}
  m_Enabled: 1
  m_EditorHideFlags: 0
  m_Script: {fileID: -765806418, guid: f5f67c52d1564df4a8936ccd202a3bd8, type: 3}
  m_Name: 
  m_EditorClassIdentifier: 
  m_Material: {fileID: 0}
  m_Color: {r: 1, g: 1, b: 1, a: 1}
  m_RaycastTarget: 0
  m_OnCullStateChanged:
    m_PersistentCalls:
      m_Calls: []
    m_TypeName: UnityEngine.UI.MaskableGraphic+CullStateChangedEvent, UnityEngine.UI,
      Version=1.0.0.0, Culture=neutral, PublicKeyToken=null
  m_Sprite: {fileID: 21300000, guid: fb9d025c5abc2524b82f21f01306414b, type: 3}
  m_Type: 0
  m_PreserveAspect: 0
  m_FillCenter: 1
  m_FillMethod: 4
  m_FillAmount: 1
  m_FillClockwise: 1
  m_FillOrigin: 0
--- !u!222 &993926175
CanvasRenderer:
  m_ObjectHideFlags: 0
  m_PrefabParentObject: {fileID: 222000010272735326, guid: 061d411002612d24d8210fc621ccdff7,
    type: 2}
  m_PrefabInternal: {fileID: 380608974}
  m_GameObject: {fileID: 993926171}
--- !u!1 &1069531532
GameObject:
  m_ObjectHideFlags: 0
  m_PrefabParentObject: {fileID: 1000011798985024, guid: bcb32a9ec4b8ed9408d6bf36d3d67753,
    type: 2}
  m_PrefabInternal: {fileID: 423696582}
  serializedVersion: 5
  m_Component:
  - component: {fileID: 1069531533}
  - component: {fileID: 1069531535}
  - component: {fileID: 1069531534}
  m_Layer: 5
  m_Name: Code
  m_TagString: Untagged
  m_Icon: {fileID: 0}
  m_NavMeshLayer: 0
  m_StaticEditorFlags: 0
  m_IsActive: 1
--- !u!224 &1069531533
RectTransform:
  m_ObjectHideFlags: 0
  m_PrefabParentObject: {fileID: 224000011730754594, guid: bcb32a9ec4b8ed9408d6bf36d3d67753,
    type: 2}
  m_PrefabInternal: {fileID: 423696582}
  m_GameObject: {fileID: 1069531532}
  m_LocalRotation: {x: -0, y: -0, z: -0, w: 1}
  m_LocalPosition: {x: 0, y: 0, z: 0}
  m_LocalScale: {x: 1, y: 1, z: 1}
  m_Children:
  - {fileID: 1210984646}
  m_Father: {fileID: 423696583}
  m_RootOrder: 1
  m_LocalEulerAnglesHint: {x: 0, y: 0, z: 0}
  m_AnchorMin: {x: 0.5, y: 0.5}
  m_AnchorMax: {x: 0.5, y: 0.5}
  m_AnchoredPosition: {x: 0.000022888, y: 152.01}
  m_SizeDelta: {x: 140, y: 50}
  m_Pivot: {x: 0.5, y: 0.5}
--- !u!114 &1069531534
MonoBehaviour:
  m_ObjectHideFlags: 0
  m_PrefabParentObject: {fileID: 114000014062644296, guid: bcb32a9ec4b8ed9408d6bf36d3d67753,
    type: 2}
  m_PrefabInternal: {fileID: 423696582}
  m_GameObject: {fileID: 1069531532}
  m_Enabled: 1
  m_EditorHideFlags: 0
  m_Script: {fileID: -765806418, guid: f5f67c52d1564df4a8936ccd202a3bd8, type: 3}
  m_Name: 
  m_EditorClassIdentifier: 
  m_Material: {fileID: 0}
  m_Color: {r: 1, g: 1, b: 1, a: 1}
  m_RaycastTarget: 1
  m_OnCullStateChanged:
    m_PersistentCalls:
      m_Calls: []
    m_TypeName: UnityEngine.UI.MaskableGraphic+CullStateChangedEvent, UnityEngine.UI,
      Version=1.0.0.0, Culture=neutral, PublicKeyToken=null
  m_Sprite: {fileID: 21300000, guid: 433c04fbd8e7403458326933d0a8710d, type: 3}
  m_Type: 0
  m_PreserveAspect: 0
  m_FillCenter: 1
  m_FillMethod: 4
  m_FillAmount: 1
  m_FillClockwise: 1
  m_FillOrigin: 0
--- !u!222 &1069531535
CanvasRenderer:
  m_ObjectHideFlags: 0
  m_PrefabParentObject: {fileID: 222000014280270200, guid: bcb32a9ec4b8ed9408d6bf36d3d67753,
    type: 2}
  m_PrefabInternal: {fileID: 423696582}
  m_GameObject: {fileID: 1069531532}
--- !u!1 &1148473756
GameObject:
  m_ObjectHideFlags: 0
  m_PrefabParentObject: {fileID: 1000010401965544, guid: 061d411002612d24d8210fc621ccdff7,
    type: 2}
  m_PrefabInternal: {fileID: 380608974}
  serializedVersion: 5
  m_Component:
  - component: {fileID: 1148473757}
  - component: {fileID: 1148473760}
  - component: {fileID: 1148473759}
  - component: {fileID: 1148473758}
  m_Layer: 5
  m_Name: Animation1
  m_TagString: Untagged
  m_Icon: {fileID: 0}
  m_NavMeshLayer: 0
  m_StaticEditorFlags: 0
  m_IsActive: 1
--- !u!224 &1148473757
RectTransform:
  m_ObjectHideFlags: 0
  m_PrefabParentObject: {fileID: 224000011451975288, guid: 061d411002612d24d8210fc621ccdff7,
    type: 2}
  m_PrefabInternal: {fileID: 380608974}
  m_GameObject: {fileID: 1148473756}
  m_LocalRotation: {x: -0, y: -0, z: -0, w: 1}
  m_LocalPosition: {x: 0, y: 0, z: 0}
  m_LocalScale: {x: 1, y: 1, z: 1}
  m_Children: []
  m_Father: {fileID: 1450142788}
  m_RootOrder: 1
  m_LocalEulerAnglesHint: {x: 0, y: 0, z: 0}
  m_AnchorMin: {x: 0.5, y: 0.5}
  m_AnchorMax: {x: 0.5, y: 0.5}
  m_AnchoredPosition: {x: 0, y: 0}
  m_SizeDelta: {x: 222, y: 222}
  m_Pivot: {x: 0.5, y: 0.5}
--- !u!114 &1148473758
MonoBehaviour:
  m_ObjectHideFlags: 0
  m_PrefabParentObject: {fileID: 114000013304844242, guid: 061d411002612d24d8210fc621ccdff7,
    type: 2}
  m_PrefabInternal: {fileID: 380608974}
  m_GameObject: {fileID: 1148473756}
  m_Enabled: 1
  m_EditorHideFlags: 0
  m_Script: {fileID: 11500000, guid: d8488277a5c19d040bd6f4c985efce4b, type: 3}
  m_Name: 
  m_EditorClassIdentifier: 
  rotateSpeed: 120
  clockwise: 1
  startAngle: 0
--- !u!114 &1148473759
MonoBehaviour:
  m_ObjectHideFlags: 0
  m_PrefabParentObject: {fileID: 114000013902458934, guid: 061d411002612d24d8210fc621ccdff7,
    type: 2}
  m_PrefabInternal: {fileID: 380608974}
  m_GameObject: {fileID: 1148473756}
  m_Enabled: 1
  m_EditorHideFlags: 0
  m_Script: {fileID: -765806418, guid: f5f67c52d1564df4a8936ccd202a3bd8, type: 3}
  m_Name: 
  m_EditorClassIdentifier: 
  m_Material: {fileID: 0}
  m_Color: {r: 1, g: 1, b: 1, a: 1}
  m_RaycastTarget: 0
  m_OnCullStateChanged:
    m_PersistentCalls:
      m_Calls: []
    m_TypeName: UnityEngine.UI.MaskableGraphic+CullStateChangedEvent, UnityEngine.UI,
      Version=1.0.0.0, Culture=neutral, PublicKeyToken=null
  m_Sprite: {fileID: 21300000, guid: 00012a0ef3ddb904fbfb292c5130a583, type: 3}
  m_Type: 0
  m_PreserveAspect: 0
  m_FillCenter: 1
  m_FillMethod: 4
  m_FillAmount: 1
  m_FillClockwise: 1
  m_FillOrigin: 0
--- !u!222 &1148473760
CanvasRenderer:
  m_ObjectHideFlags: 0
  m_PrefabParentObject: {fileID: 222000012510044908, guid: 061d411002612d24d8210fc621ccdff7,
    type: 2}
  m_PrefabInternal: {fileID: 380608974}
  m_GameObject: {fileID: 1148473756}
--- !u!1 &1177098924
GameObject:
  m_ObjectHideFlags: 0
  m_PrefabParentObject: {fileID: 1000011934691336, guid: bcb32a9ec4b8ed9408d6bf36d3d67753,
    type: 2}
  m_PrefabInternal: {fileID: 423696582}
  serializedVersion: 5
  m_Component:
  - component: {fileID: 423696583}
  - component: {fileID: 1177098925}
  m_Layer: 5
  m_Name: MarkerUI_Default
  m_TagString: Untagged
  m_Icon: {fileID: 0}
  m_NavMeshLayer: 0
  m_StaticEditorFlags: 0
  m_IsActive: 0
--- !u!114 &1177098925
MonoBehaviour:
  m_ObjectHideFlags: 0
  m_PrefabParentObject: {fileID: 114000014192942174, guid: bcb32a9ec4b8ed9408d6bf36d3d67753,
    type: 2}
  m_PrefabInternal: {fileID: 423696582}
  m_GameObject: {fileID: 1177098924}
  m_Enabled: 1
  m_EditorHideFlags: 0
  m_Script: {fileID: 11500000, guid: d6664fe9f96ff6e4aa8feb3be241b577, type: 3}
  m_Name: 
  m_EditorClassIdentifier: 
  uiName: 
  codeText: {fileID: 1210984647}
  bodyImg: {fileID: 1721250087}
--- !u!1 &1205258647
GameObject:
  m_ObjectHideFlags: 0
  m_PrefabParentObject: {fileID: 1000011132085816, guid: 4c69b0f239183c048a6c1ab7e75ec6ff,
    type: 2}
  m_PrefabInternal: {fileID: 1738589535}
  serializedVersion: 5
  m_Component:
  - component: {fileID: 1205258648}
  - component: {fileID: 1205258650}
  - component: {fileID: 1205258649}
  m_Layer: 5
  m_Name: Inside
  m_TagString: Untagged
  m_Icon: {fileID: 0}
  m_NavMeshLayer: 0
  m_StaticEditorFlags: 0
  m_IsActive: 1
--- !u!224 &1205258648
RectTransform:
  m_ObjectHideFlags: 0
  m_PrefabParentObject: {fileID: 224000010533881946, guid: 4c69b0f239183c048a6c1ab7e75ec6ff,
    type: 2}
  m_PrefabInternal: {fileID: 1738589535}
  m_GameObject: {fileID: 1205258647}
  m_LocalRotation: {x: -0, y: -0, z: -0, w: 1}
  m_LocalPosition: {x: 0, y: 0, z: 0}
  m_LocalScale: {x: 1, y: 1, z: 1}
  m_Children: []
  m_Father: {fileID: 1450697786}
  m_RootOrder: 0
  m_LocalEulerAnglesHint: {x: 0, y: 0, z: 0}
  m_AnchorMin: {x: 0.5, y: 0.5}
  m_AnchorMax: {x: 0.5, y: 0.5}
  m_AnchoredPosition: {x: 0, y: 0}
  m_SizeDelta: {x: 512, y: 512}
  m_Pivot: {x: 0.5, y: 0.5}
--- !u!114 &1205258649
MonoBehaviour:
  m_ObjectHideFlags: 0
  m_PrefabParentObject: {fileID: 114000012252419520, guid: 4c69b0f239183c048a6c1ab7e75ec6ff,
    type: 2}
  m_PrefabInternal: {fileID: 1738589535}
  m_GameObject: {fileID: 1205258647}
  m_Enabled: 1
  m_EditorHideFlags: 0
  m_Script: {fileID: -765806418, guid: f5f67c52d1564df4a8936ccd202a3bd8, type: 3}
  m_Name: 
  m_EditorClassIdentifier: 
  m_Material: {fileID: 0}
  m_Color: {r: 1, g: 1, b: 1, a: 1}
  m_RaycastTarget: 1
  m_OnCullStateChanged:
    m_PersistentCalls:
      m_Calls: []
    m_TypeName: UnityEngine.UI.MaskableGraphic+CullStateChangedEvent, UnityEngine.UI,
      Version=1.0.0.0, Culture=neutral, PublicKeyToken=null
  m_Sprite: {fileID: 21300000, guid: ea268c288ced94f47987fe2ed7c82a60, type: 3}
  m_Type: 0
  m_PreserveAspect: 0
  m_FillCenter: 1
  m_FillMethod: 4
  m_FillAmount: 1
  m_FillClockwise: 1
  m_FillOrigin: 0
--- !u!222 &1205258650
CanvasRenderer:
  m_ObjectHideFlags: 0
  m_PrefabParentObject: {fileID: 222000014215998992, guid: 4c69b0f239183c048a6c1ab7e75ec6ff,
    type: 2}
  m_PrefabInternal: {fileID: 1738589535}
  m_GameObject: {fileID: 1205258647}
--- !u!1 &1210984645
GameObject:
  m_ObjectHideFlags: 0
  m_PrefabParentObject: {fileID: 1000012026500052, guid: bcb32a9ec4b8ed9408d6bf36d3d67753,
    type: 2}
  m_PrefabInternal: {fileID: 423696582}
  serializedVersion: 5
  m_Component:
  - component: {fileID: 1210984646}
  - component: {fileID: 1210984648}
  - component: {fileID: 1210984647}
  m_Layer: 5
  m_Name: Text
  m_TagString: Untagged
  m_Icon: {fileID: 0}
  m_NavMeshLayer: 0
  m_StaticEditorFlags: 0
  m_IsActive: 1
--- !u!224 &1210984646
RectTransform:
  m_ObjectHideFlags: 0
  m_PrefabParentObject: {fileID: 224000011782218108, guid: bcb32a9ec4b8ed9408d6bf36d3d67753,
    type: 2}
  m_PrefabInternal: {fileID: 423696582}
  m_GameObject: {fileID: 1210984645}
  m_LocalRotation: {x: -0, y: -0, z: -0, w: 1}
  m_LocalPosition: {x: 0, y: 0, z: 0}
  m_LocalScale: {x: 1, y: 1, z: 1}
  m_Children: []
  m_Father: {fileID: 1069531533}
  m_RootOrder: 0
  m_LocalEulerAnglesHint: {x: 0, y: 0, z: 0}
  m_AnchorMin: {x: 0.5, y: 0.5}
  m_AnchorMax: {x: 0.5, y: 0.5}
  m_AnchoredPosition: {x: 0.000022888, y: 0}
  m_SizeDelta: {x: 67.2, y: 30}
  m_Pivot: {x: 0.5, y: 0.5}
--- !u!114 &1210984647
MonoBehaviour:
  m_ObjectHideFlags: 0
  m_PrefabParentObject: {fileID: 114000011280984146, guid: bcb32a9ec4b8ed9408d6bf36d3d67753,
    type: 2}
  m_PrefabInternal: {fileID: 423696582}
  m_GameObject: {fileID: 1210984645}
  m_Enabled: 1
  m_EditorHideFlags: 0
  m_Script: {fileID: 708705254, guid: f5f67c52d1564df4a8936ccd202a3bd8, type: 3}
  m_Name: 
  m_EditorClassIdentifier: 
  m_Material: {fileID: 0}
  m_Color: {r: 1, g: 1, b: 1, a: 1}
  m_RaycastTarget: 1
  m_OnCullStateChanged:
    m_PersistentCalls:
      m_Calls: []
    m_TypeName: UnityEngine.UI.MaskableGraphic+CullStateChangedEvent, UnityEngine.UI,
      Version=1.0.0.0, Culture=neutral, PublicKeyToken=null
  m_FontData:
    m_Font: {fileID: 10102, guid: 0000000000000000e000000000000000, type: 0}
    m_FontSize: 24
    m_FontStyle: 0
    m_BestFit: 0
    m_MinSize: 2
    m_MaxSize: 40
    m_Alignment: 4
    m_AlignByGeometry: 0
    m_RichText: 1
    m_HorizontalOverflow: 0
    m_VerticalOverflow: 0
    m_LineSpacing: 1
  m_Text: 0
--- !u!222 &1210984648
CanvasRenderer:
  m_ObjectHideFlags: 0
  m_PrefabParentObject: {fileID: 222000011319769758, guid: bcb32a9ec4b8ed9408d6bf36d3d67753,
    type: 2}
  m_PrefabInternal: {fileID: 423696582}
  m_GameObject: {fileID: 1210984645}
--- !u!1 &1340432769
GameObject:
  m_ObjectHideFlags: 0
  m_PrefabParentObject: {fileID: 0}
  m_PrefabInternal: {fileID: 0}
  serializedVersion: 5
  m_Component:
  - component: {fileID: 1340432770}
  - component: {fileID: 1340432771}
  m_Layer: 0
  m_Name: UICreator
  m_TagString: Untagged
  m_Icon: {fileID: 0}
  m_NavMeshLayer: 0
  m_StaticEditorFlags: 0
  m_IsActive: 1
--- !u!4 &1340432770
Transform:
  m_ObjectHideFlags: 0
  m_PrefabParentObject: {fileID: 0}
  m_PrefabInternal: {fileID: 0}
  m_GameObject: {fileID: 1340432769}
  m_LocalRotation: {x: 0, y: 0, z: 0, w: 1}
  m_LocalPosition: {x: 0, y: 0, z: 0}
  m_LocalScale: {x: 1, y: 1, z: 1}
  m_Children: []
  m_Father: {fileID: 1893165745}
  m_RootOrder: 0
  m_LocalEulerAnglesHint: {x: 0, y: 0, z: 0}
--- !u!114 &1340432771
MonoBehaviour:
  m_ObjectHideFlags: 0
  m_PrefabParentObject: {fileID: 0}
  m_PrefabInternal: {fileID: 0}
  m_GameObject: {fileID: 1340432769}
  m_Enabled: 1
  m_EditorHideFlags: 0
  m_Script: {fileID: 11500000, guid: 376d85ecc7b071f4fb17320e5e5188a9, type: 3}
  m_Name: 
  m_EditorClassIdentifier: 
  uiConfigs:
  - code: 1
    uiPrefab: {fileID: 114000013135854116, guid: d40c071a5637d2540bd9a405264b8289,
      type: 2}
  - code: 2
    uiPrefab: {fileID: 114000010681629100, guid: 061d411002612d24d8210fc621ccdff7,
      type: 2}
  - code: 3
    uiPrefab: {fileID: 114000012516484526, guid: 4c69b0f239183c048a6c1ab7e75ec6ff,
      type: 2}
  defaultUIPrefab: {fileID: 114000014192942174, guid: bcb32a9ec4b8ed9408d6bf36d3d67753,
    type: 2}
  uiRoot: {fileID: 693749965}
--- !u!224 &1366268728
RectTransform:
  m_ObjectHideFlags: 0
  m_PrefabParentObject: {fileID: 224000011371283766, guid: 061d411002612d24d8210fc621ccdff7,
    type: 2}
  m_PrefabInternal: {fileID: 380608974}
  m_GameObject: {fileID: 312887036}
  m_LocalRotation: {x: -0, y: -0, z: -0, w: 1}
  m_LocalPosition: {x: 0, y: 0, z: 0}
  m_LocalScale: {x: 1, y: 1, z: 1}
  m_Children:
  - {fileID: 1550885320}
  - {fileID: 1450142788}
  - {fileID: 257525954}
  m_Father: {fileID: 693749966}
  m_RootOrder: 2
  m_LocalEulerAnglesHint: {x: 0, y: 0, z: 0}
  m_AnchorMin: {x: 0.5, y: 0.5}
  m_AnchorMax: {x: 0.5, y: 0.5}
  m_AnchoredPosition: {x: -2.1680908, y: 67.9137}
  m_SizeDelta: {x: 100, y: 100}
  m_Pivot: {x: 0.5, y: 0.5}
--- !u!1 &1450142787
GameObject:
  m_ObjectHideFlags: 0
  m_PrefabParentObject: {fileID: 1000012497481622, guid: 061d411002612d24d8210fc621ccdff7,
    type: 2}
  m_PrefabInternal: {fileID: 380608974}
  serializedVersion: 5
  m_Component:
  - component: {fileID: 1450142788}
  m_Layer: 5
  m_Name: Body
  m_TagString: Untagged
  m_Icon: {fileID: 0}
  m_NavMeshLayer: 0
  m_StaticEditorFlags: 0
  m_IsActive: 1
--- !u!224 &1450142788
RectTransform:
  m_ObjectHideFlags: 0
  m_PrefabParentObject: {fileID: 224000011444978562, guid: 061d411002612d24d8210fc621ccdff7,
    type: 2}
  m_PrefabInternal: {fileID: 380608974}
  m_GameObject: {fileID: 1450142787}
  m_LocalRotation: {x: 0, y: 0, z: 0, w: 1}
  m_LocalPosition: {x: 0, y: 0, z: 0}
  m_LocalScale: {x: 1, y: 1, z: 1}
  m_Children:
  - {fileID: 355721637}
  - {fileID: 1148473757}
  - {fileID: 993926172}
  m_Father: {fileID: 1366268728}
  m_RootOrder: 1
  m_LocalEulerAnglesHint: {x: 0, y: 0, z: 0}
  m_AnchorMin: {x: 0.5, y: 0.5}
  m_AnchorMax: {x: 0.5, y: 0.5}
  m_AnchoredPosition: {x: 0, y: 0}
  m_SizeDelta: {x: 100, y: 100}
  m_Pivot: {x: 0.5, y: 0.5}
--- !u!1 &1450697785
GameObject:
  m_ObjectHideFlags: 0
  m_PrefabParentObject: {fileID: 1000013599326342, guid: 4c69b0f239183c048a6c1ab7e75ec6ff,
    type: 2}
  m_PrefabInternal: {fileID: 1738589535}
  serializedVersion: 5
  m_Component:
  - component: {fileID: 1450697786}
  m_Layer: 5
  m_Name: Body
  m_TagString: Untagged
  m_Icon: {fileID: 0}
  m_NavMeshLayer: 0
  m_StaticEditorFlags: 0
  m_IsActive: 1
--- !u!224 &1450697786
RectTransform:
  m_ObjectHideFlags: 0
  m_PrefabParentObject: {fileID: 224000010268586248, guid: 4c69b0f239183c048a6c1ab7e75ec6ff,
    type: 2}
  m_PrefabInternal: {fileID: 1738589535}
  m_GameObject: {fileID: 1450697785}
  m_LocalRotation: {x: 0, y: 0, z: 0, w: 1}
  m_LocalPosition: {x: 0, y: 0, z: 0}
  m_LocalScale: {x: 1, y: 1, z: 1}
  m_Children:
  - {fileID: 1205258648}
  - {fileID: 1947894527}
  m_Father: {fileID: 1619371734}
  m_RootOrder: 1
  m_LocalEulerAnglesHint: {x: 0, y: 0, z: 0}
  m_AnchorMin: {x: 0.5, y: 0.5}
  m_AnchorMax: {x: 0.5, y: 0.5}
  m_AnchoredPosition: {x: 0, y: 0}
  m_SizeDelta: {x: 100, y: 100}
  m_Pivot: {x: 0.5, y: 0.5}
--- !u!1 &1459586491
GameObject:
  m_ObjectHideFlags: 0
  m_PrefabParentObject: {fileID: 0}
  m_PrefabInternal: {fileID: 0}
  serializedVersion: 5
  m_Component:
  - component: {fileID: 1459586492}
  - component: {fileID: 1459586494}
  - component: {fileID: 1459586493}
  m_Layer: 5
  m_Name: Text
  m_TagString: Untagged
  m_Icon: {fileID: 0}
  m_NavMeshLayer: 0
  m_StaticEditorFlags: 0
  m_IsActive: 1
--- !u!224 &1459586492
RectTransform:
  m_ObjectHideFlags: 0
  m_PrefabParentObject: {fileID: 0}
  m_PrefabInternal: {fileID: 0}
  m_GameObject: {fileID: 1459586491}
  m_LocalRotation: {x: 0, y: 0, z: 0, w: 1}
  m_LocalPosition: {x: 0, y: 0, z: 0}
  m_LocalScale: {x: 1, y: 1, z: 1}
  m_Children: []
  m_Father: {fileID: 693749966}
  m_RootOrder: 0
  m_LocalEulerAnglesHint: {x: 0, y: 0, z: 0}
  m_AnchorMin: {x: 0, y: 1}
  m_AnchorMax: {x: 0, y: 1}
  m_AnchoredPosition: {x: 272, y: -147}
  m_SizeDelta: {x: 499, y: 269}
  m_Pivot: {x: 0.5, y: 0.5}
--- !u!114 &1459586493
MonoBehaviour:
  m_ObjectHideFlags: 0
  m_PrefabParentObject: {fileID: 0}
  m_PrefabInternal: {fileID: 0}
  m_GameObject: {fileID: 1459586491}
  m_Enabled: 1
  m_EditorHideFlags: 0
  m_Script: {fileID: 708705254, guid: f5f67c52d1564df4a8936ccd202a3bd8, type: 3}
  m_Name: 
  m_EditorClassIdentifier: 
  m_Material: {fileID: 0}
  m_Color: {r: 1, g: 1, b: 1, a: 1}
  m_RaycastTarget: 1
  m_OnCullStateChanged:
    m_PersistentCalls:
      m_Calls: []
    m_TypeName: UnityEngine.UI.MaskableGraphic+CullStateChangedEvent, UnityEngine.UI,
      Version=1.0.0.0, Culture=neutral, PublicKeyToken=null
  m_FontData:
    m_Font: {fileID: 10102, guid: 0000000000000000e000000000000000, type: 0}
    m_FontSize: 22
    m_FontStyle: 0
    m_BestFit: 0
    m_MinSize: 2
    m_MaxSize: 40
    m_Alignment: 0
    m_AlignByGeometry: 0
    m_RichText: 1
    m_HorizontalOverflow: 0
    m_VerticalOverflow: 0
    m_LineSpacing: 1
  m_Text: '- info - '
--- !u!222 &1459586494
CanvasRenderer:
  m_ObjectHideFlags: 0
  m_PrefabParentObject: {fileID: 0}
  m_PrefabInternal: {fileID: 0}
  m_GameObject: {fileID: 1459586491}
--- !u!1 &1532990639
GameObject:
  m_ObjectHideFlags: 0
  m_PrefabParentObject: {fileID: 0}
  m_PrefabInternal: {fileID: 0}
  serializedVersion: 5
  m_Component:
  - component: {fileID: 1532990644}
  - component: {fileID: 1532990643}
  - component: {fileID: 1532990642}
  - component: {fileID: 1532990641}
  - component: {fileID: 1532990640}
  m_Layer: 0
  m_Name: Main Camera
  m_TagString: MainCamera
  m_Icon: {fileID: 0}
  m_NavMeshLayer: 0
  m_StaticEditorFlags: 0
  m_IsActive: 1
--- !u!81 &1532990640
AudioListener:
  m_ObjectHideFlags: 0
  m_PrefabParentObject: {fileID: 0}
  m_PrefabInternal: {fileID: 0}
  m_GameObject: {fileID: 1532990639}
  m_Enabled: 1
--- !u!124 &1532990641
Behaviour:
  m_ObjectHideFlags: 0
  m_PrefabParentObject: {fileID: 0}
  m_PrefabInternal: {fileID: 0}
  m_GameObject: {fileID: 1532990639}
  m_Enabled: 1
--- !u!92 &1532990642
Behaviour:
  m_ObjectHideFlags: 0
  m_PrefabParentObject: {fileID: 0}
  m_PrefabInternal: {fileID: 0}
  m_GameObject: {fileID: 1532990639}
  m_Enabled: 1
--- !u!20 &1532990643
Camera:
  m_ObjectHideFlags: 0
  m_PrefabParentObject: {fileID: 0}
  m_PrefabInternal: {fileID: 0}
  m_GameObject: {fileID: 1532990639}
  m_Enabled: 1
  serializedVersion: 2
  m_ClearFlags: 1
  m_BackGroundColor: {r: 0.19215687, g: 0.3019608, b: 0.4745098, a: 0}
  m_NormalizedViewPortRect:
    serializedVersion: 2
    x: 0
    y: 0
    width: 1
    height: 1
  near clip plane: 0.3
  far clip plane: 1000
  field of view: 60
  orthographic: 0
  orthographic size: 5
  m_Depth: -1
  m_CullingMask:
    serializedVersion: 2
    m_Bits: 4294967295
  m_RenderingPath: -1
  m_TargetTexture: {fileID: 0}
  m_TargetDisplay: 0
  m_TargetEye: 3
  m_HDR: 0
  m_AllowMSAA: 1
  m_AllowDynamicResolution: 0
  m_ForceIntoRT: 0
  m_OcclusionCulling: 1
  m_StereoConvergence: 10
  m_StereoSeparation: 0.022
--- !u!4 &1532990644
Transform:
  m_ObjectHideFlags: 0
  m_PrefabParentObject: {fileID: 0}
  m_PrefabInternal: {fileID: 0}
  m_GameObject: {fileID: 1532990639}
  m_LocalRotation: {x: 0, y: 0, z: 0, w: 1}
  m_LocalPosition: {x: 0, y: 1, z: -10}
  m_LocalScale: {x: 1, y: 1, z: 1}
  m_Children: []
  m_Father: {fileID: 0}
  m_RootOrder: 0
  m_LocalEulerAnglesHint: {x: 0, y: 0, z: 0}
--- !u!1 &1550885319
GameObject:
  m_ObjectHideFlags: 0
  m_PrefabParentObject: {fileID: 1000013831474734, guid: 061d411002612d24d8210fc621ccdff7,
    type: 2}
  m_PrefabInternal: {fileID: 380608974}
  serializedVersion: 5
  m_Component:
  - component: {fileID: 1550885320}
  - component: {fileID: 1550885321}
  m_Layer: 5
  m_Name: Menu
  m_TagString: Untagged
  m_Icon: {fileID: 0}
  m_NavMeshLayer: 0
  m_StaticEditorFlags: 0
  m_IsActive: 1
--- !u!224 &1550885320
RectTransform:
  m_ObjectHideFlags: 0
  m_PrefabParentObject: {fileID: 224000012882937904, guid: 061d411002612d24d8210fc621ccdff7,
    type: 2}
  m_PrefabInternal: {fileID: 380608974}
  m_GameObject: {fileID: 1550885319}
  m_LocalRotation: {x: 0, y: 0, z: 0, w: 1}
  m_LocalPosition: {x: 0, y: 0, z: 0}
  m_LocalScale: {x: 1, y: 1, z: 1}
  m_Children:
  - {fileID: 1909511883}
  - {fileID: 2078549716}
  - {fileID: 494562386}
  m_Father: {fileID: 1366268728}
  m_RootOrder: 0
  m_LocalEulerAnglesHint: {x: 0, y: 0, z: 0}
  m_AnchorMin: {x: 0.5, y: 0.5}
  m_AnchorMax: {x: 0.5, y: 0.5}
  m_AnchoredPosition: {x: 0, y: 0}
  m_SizeDelta: {x: 100, y: 100}
  m_Pivot: {x: 0.5, y: 0.5}
--- !u!114 &1550885321
MonoBehaviour:
  m_ObjectHideFlags: 0
  m_PrefabParentObject: {fileID: 114000013648519780, guid: 061d411002612d24d8210fc621ccdff7,
    type: 2}
  m_PrefabInternal: {fileID: 380608974}
  m_GameObject: {fileID: 1550885319}
  m_Enabled: 1
  m_EditorHideFlags: 0
  m_Script: {fileID: 11500000, guid: 6c13da7faccfe0b469c2a4e85ae5eaa5, type: 3}
  m_Name: 
  m_EditorClassIdentifier: 
  itemImages:
  - {fileID: 21300000, guid: 958bafa5b1e9fcb46ab3a9ce3f54baff, type: 3}
  - {fileID: 21300000, guid: 958bafa5b1e9fcb46ab3a9ce3f54baff, type: 3}
  - {fileID: 21300000, guid: 958bafa5b1e9fcb46ab3a9ce3f54baff, type: 3}
  menuItemPrefab: {fileID: 114000012578600728, guid: 6fea03b2c0cedee449deb0d72ee392ba,
    type: 2}
  radius: 160
  startAngle: 270
  pointer: {fileID: 257525953}
  currentItemHighlight: {fileID: 2078549717}
  nextItemHighlight: {fileID: 494562387}
--- !u!224 &1619371734
RectTransform:
  m_ObjectHideFlags: 0
  m_PrefabParentObject: {fileID: 224000013949584048, guid: 4c69b0f239183c048a6c1ab7e75ec6ff,
    type: 2}
  m_PrefabInternal: {fileID: 1738589535}
  m_GameObject: {fileID: 1726414344}
  m_LocalRotation: {x: -0, y: -0, z: -0, w: 1}
  m_LocalPosition: {x: 0, y: 0, z: 0}
  m_LocalScale: {x: 1, y: 1, z: 1}
  m_Children:
  - {fileID: 395118368}
  - {fileID: 1450697786}
  m_Father: {fileID: 693749966}
  m_RootOrder: 3
  m_LocalEulerAnglesHint: {x: 0, y: 0, z: 0}
  m_AnchorMin: {x: 0.5, y: 0.5}
  m_AnchorMax: {x: 0.5, y: 0.5}
  m_AnchoredPosition: {x: -2.1680908, y: 67.9137}
  m_SizeDelta: {x: 100, y: 100}
  m_Pivot: {x: 0.5, y: 0.5}
--- !u!1 &1656573755
GameObject:
  m_ObjectHideFlags: 0
  m_PrefabParentObject: {fileID: 0}
  m_PrefabInternal: {fileID: 0}
  serializedVersion: 5
  m_Component:
  - component: {fileID: 1656573758}
  - component: {fileID: 1656573757}
  - component: {fileID: 1656573756}
  m_Layer: 0
  m_Name: EventSystem
  m_TagString: Untagged
  m_Icon: {fileID: 0}
  m_NavMeshLayer: 0
  m_StaticEditorFlags: 0
  m_IsActive: 1
--- !u!114 &1656573756
MonoBehaviour:
  m_ObjectHideFlags: 0
  m_PrefabParentObject: {fileID: 0}
  m_PrefabInternal: {fileID: 0}
  m_GameObject: {fileID: 1656573755}
  m_Enabled: 1
  m_EditorHideFlags: 0
  m_Script: {fileID: 1077351063, guid: f5f67c52d1564df4a8936ccd202a3bd8, type: 3}
  m_Name: 
  m_EditorClassIdentifier: 
  m_HorizontalAxis: Horizontal
  m_VerticalAxis: Vertical
  m_SubmitButton: Submit
  m_CancelButton: Cancel
  m_InputActionsPerSecond: 10
  m_RepeatDelay: 0.5
  m_ForceModuleActive: 0
--- !u!114 &1656573757
MonoBehaviour:
  m_ObjectHideFlags: 0
  m_PrefabParentObject: {fileID: 0}
  m_PrefabInternal: {fileID: 0}
  m_GameObject: {fileID: 1656573755}
  m_Enabled: 1
  m_EditorHideFlags: 0
  m_Script: {fileID: -619905303, guid: f5f67c52d1564df4a8936ccd202a3bd8, type: 3}
  m_Name: 
  m_EditorClassIdentifier: 
  m_FirstSelected: {fileID: 0}
  m_sendNavigationEvents: 1
  m_DragThreshold: 5
--- !u!4 &1656573758
Transform:
  m_ObjectHideFlags: 0
  m_PrefabParentObject: {fileID: 0}
  m_PrefabInternal: {fileID: 0}
  m_GameObject: {fileID: 1656573755}
  m_LocalRotation: {x: 0, y: 0, z: 0, w: 1}
  m_LocalPosition: {x: 0, y: 0, z: 0}
  m_LocalScale: {x: 1, y: 1, z: 1}
  m_Children: []
  m_Father: {fileID: 0}
  m_RootOrder: 3
  m_LocalEulerAnglesHint: {x: 0, y: 0, z: 0}
--- !u!1 &1721250085
GameObject:
  m_ObjectHideFlags: 0
  m_PrefabParentObject: {fileID: 1000014286416252, guid: bcb32a9ec4b8ed9408d6bf36d3d67753,
    type: 2}
  m_PrefabInternal: {fileID: 423696582}
  serializedVersion: 5
  m_Component:
  - component: {fileID: 1721250086}
  - component: {fileID: 1721250088}
  - component: {fileID: 1721250087}
  m_Layer: 5
  m_Name: Image
  m_TagString: Untagged
  m_Icon: {fileID: 0}
  m_NavMeshLayer: 0
  m_StaticEditorFlags: 0
  m_IsActive: 1
--- !u!224 &1721250086
RectTransform:
  m_ObjectHideFlags: 0
  m_PrefabParentObject: {fileID: 224000013152845536, guid: bcb32a9ec4b8ed9408d6bf36d3d67753,
    type: 2}
  m_PrefabInternal: {fileID: 423696582}
  m_GameObject: {fileID: 1721250085}
  m_LocalRotation: {x: -0, y: -0, z: -0, w: 1}
  m_LocalPosition: {x: 0, y: 0, z: 0}
  m_LocalScale: {x: 1, y: 1, z: 1}
  m_Children: []
  m_Father: {fileID: 423696583}
  m_RootOrder: 0
  m_LocalEulerAnglesHint: {x: 0, y: 0, z: 0}
  m_AnchorMin: {x: 0.5, y: 0.5}
  m_AnchorMax: {x: 0.5, y: 0.5}
  m_AnchoredPosition: {x: 0, y: 0}
  m_SizeDelta: {x: 250, y: 250}
  m_Pivot: {x: 0.5, y: 0.5}
--- !u!114 &1721250087
MonoBehaviour:
  m_ObjectHideFlags: 0
  m_PrefabParentObject: {fileID: 114000011792277814, guid: bcb32a9ec4b8ed9408d6bf36d3d67753,
    type: 2}
  m_PrefabInternal: {fileID: 423696582}
  m_GameObject: {fileID: 1721250085}
  m_Enabled: 1
  m_EditorHideFlags: 0
  m_Script: {fileID: -765806418, guid: f5f67c52d1564df4a8936ccd202a3bd8, type: 3}
  m_Name: 
  m_EditorClassIdentifier: 
  m_Material: {fileID: 0}
  m_Color: {r: 1, g: 1, b: 1, a: 1}
  m_RaycastTarget: 1
  m_OnCullStateChanged:
    m_PersistentCalls:
      m_Calls: []
    m_TypeName: UnityEngine.UI.MaskableGraphic+CullStateChangedEvent, UnityEngine.UI,
      Version=1.0.0.0, Culture=neutral, PublicKeyToken=null
  m_Sprite: {fileID: 21300000, guid: e2581d943750c2f4cba0a053752dc941, type: 3}
  m_Type: 0
  m_PreserveAspect: 0
  m_FillCenter: 1
  m_FillMethod: 4
  m_FillAmount: 1
  m_FillClockwise: 1
  m_FillOrigin: 0
--- !u!222 &1721250088
CanvasRenderer:
  m_ObjectHideFlags: 0
  m_PrefabParentObject: {fileID: 222000010046286116, guid: bcb32a9ec4b8ed9408d6bf36d3d67753,
    type: 2}
  m_PrefabInternal: {fileID: 423696582}
  m_GameObject: {fileID: 1721250085}
--- !u!1 &1726414344
GameObject:
  m_ObjectHideFlags: 0
  m_PrefabParentObject: {fileID: 1000012113735714, guid: 4c69b0f239183c048a6c1ab7e75ec6ff,
    type: 2}
  m_PrefabInternal: {fileID: 1738589535}
  serializedVersion: 5
  m_Component:
  - component: {fileID: 1619371734}
  - component: {fileID: 1726414345}
  m_Layer: 5
  m_Name: MarkerUI_RadialSlider
  m_TagString: Untagged
  m_Icon: {fileID: 0}
  m_NavMeshLayer: 0
  m_StaticEditorFlags: 0
  m_IsActive: 0
--- !u!114 &1726414345
MonoBehaviour:
  m_ObjectHideFlags: 0
  m_PrefabParentObject: {fileID: 114000012516484526, guid: 4c69b0f239183c048a6c1ab7e75ec6ff,
    type: 2}
  m_PrefabInternal: {fileID: 1738589535}
  m_GameObject: {fileID: 1726414344}
  m_Enabled: 1
  m_EditorHideFlags: 0
  m_Script: {fileID: 11500000, guid: e0ae22759d084fb469998f3ba5f16aae, type: 3}
  m_Name: 
  m_EditorClassIdentifier: 
  uiName: 
  sliderObj: {fileID: 395118367}
--- !u!1001 &1738589535
Prefab:
  m_ObjectHideFlags: 0
  serializedVersion: 2
  m_Modification:
    m_TransformParent: {fileID: 693749966}
    m_Modifications:
    - target: {fileID: 224000013949584048, guid: 4c69b0f239183c048a6c1ab7e75ec6ff,
        type: 2}
      propertyPath: m_LocalPosition.x
      value: 0
      objectReference: {fileID: 0}
    - target: {fileID: 224000013949584048, guid: 4c69b0f239183c048a6c1ab7e75ec6ff,
        type: 2}
      propertyPath: m_LocalPosition.y
      value: 0
      objectReference: {fileID: 0}
    - target: {fileID: 224000013949584048, guid: 4c69b0f239183c048a6c1ab7e75ec6ff,
        type: 2}
      propertyPath: m_LocalPosition.z
      value: 0
      objectReference: {fileID: 0}
    - target: {fileID: 224000013949584048, guid: 4c69b0f239183c048a6c1ab7e75ec6ff,
        type: 2}
      propertyPath: m_LocalRotation.x
      value: -0
      objectReference: {fileID: 0}
    - target: {fileID: 224000013949584048, guid: 4c69b0f239183c048a6c1ab7e75ec6ff,
        type: 2}
      propertyPath: m_LocalRotation.y
      value: -0
      objectReference: {fileID: 0}
    - target: {fileID: 224000013949584048, guid: 4c69b0f239183c048a6c1ab7e75ec6ff,
        type: 2}
      propertyPath: m_LocalRotation.z
      value: -0
      objectReference: {fileID: 0}
    - target: {fileID: 224000013949584048, guid: 4c69b0f239183c048a6c1ab7e75ec6ff,
        type: 2}
      propertyPath: m_LocalRotation.w
      value: 1
      objectReference: {fileID: 0}
    - target: {fileID: 224000013949584048, guid: 4c69b0f239183c048a6c1ab7e75ec6ff,
        type: 2}
      propertyPath: m_RootOrder
      value: 3
      objectReference: {fileID: 0}
    - target: {fileID: 224000013949584048, guid: 4c69b0f239183c048a6c1ab7e75ec6ff,
        type: 2}
      propertyPath: m_AnchoredPosition.x
      value: -2.1680908
      objectReference: {fileID: 0}
    - target: {fileID: 224000013949584048, guid: 4c69b0f239183c048a6c1ab7e75ec6ff,
        type: 2}
      propertyPath: m_AnchoredPosition.y
      value: 67.9137
      objectReference: {fileID: 0}
    - target: {fileID: 224000013949584048, guid: 4c69b0f239183c048a6c1ab7e75ec6ff,
        type: 2}
      propertyPath: m_SizeDelta.x
      value: 100
      objectReference: {fileID: 0}
    - target: {fileID: 224000013949584048, guid: 4c69b0f239183c048a6c1ab7e75ec6ff,
        type: 2}
      propertyPath: m_SizeDelta.y
      value: 100
      objectReference: {fileID: 0}
    - target: {fileID: 224000013949584048, guid: 4c69b0f239183c048a6c1ab7e75ec6ff,
        type: 2}
      propertyPath: m_AnchorMin.x
      value: 0.5
      objectReference: {fileID: 0}
    - target: {fileID: 224000013949584048, guid: 4c69b0f239183c048a6c1ab7e75ec6ff,
        type: 2}
      propertyPath: m_AnchorMin.y
      value: 0.5
      objectReference: {fileID: 0}
    - target: {fileID: 224000013949584048, guid: 4c69b0f239183c048a6c1ab7e75ec6ff,
        type: 2}
      propertyPath: m_AnchorMax.x
      value: 0.5
      objectReference: {fileID: 0}
    - target: {fileID: 224000013949584048, guid: 4c69b0f239183c048a6c1ab7e75ec6ff,
        type: 2}
      propertyPath: m_AnchorMax.y
      value: 0.5
      objectReference: {fileID: 0}
    - target: {fileID: 224000013949584048, guid: 4c69b0f239183c048a6c1ab7e75ec6ff,
        type: 2}
      propertyPath: m_Pivot.x
      value: 0.5
      objectReference: {fileID: 0}
    - target: {fileID: 224000013949584048, guid: 4c69b0f239183c048a6c1ab7e75ec6ff,
        type: 2}
      propertyPath: m_Pivot.y
      value: 0.5
      objectReference: {fileID: 0}
    - target: {fileID: 1000012113735714, guid: 4c69b0f239183c048a6c1ab7e75ec6ff, type: 2}
      propertyPath: m_IsActive
      value: 0
      objectReference: {fileID: 0}
    m_RemovedComponents: []
  m_ParentPrefab: {fileID: 100100000, guid: 4c69b0f239183c048a6c1ab7e75ec6ff, type: 2}
  m_RootGameObject: {fileID: 1726414344}
  m_IsPrefabParent: 0
--- !u!1 &1893165744
GameObject:
  m_ObjectHideFlags: 0
  m_PrefabParentObject: {fileID: 0}
  m_PrefabInternal: {fileID: 0}
  serializedVersion: 5
  m_Component:
  - component: {fileID: 1893165745}
  m_Layer: 0
  m_Name: "\u529F\u80FD\u6A21\u5757"
  m_TagString: Untagged
  m_Icon: {fileID: 0}
  m_NavMeshLayer: 0
  m_StaticEditorFlags: 0
  m_IsActive: 1
--- !u!4 &1893165745
Transform:
  m_ObjectHideFlags: 0
  m_PrefabParentObject: {fileID: 0}
  m_PrefabInternal: {fileID: 0}
  m_GameObject: {fileID: 1893165744}
  m_LocalRotation: {x: 0, y: 0, z: 0, w: 1}
  m_LocalPosition: {x: 0, y: 0, z: 0}
  m_LocalScale: {x: 1, y: 1, z: 1}
  m_Children:
  - {fileID: 1340432770}
  - {fileID: 69994847}
  - {fileID: 1991438033}
  - {fileID: 463425024}
  m_Father: {fileID: 0}
  m_RootOrder: 4
  m_LocalEulerAnglesHint: {x: 0, y: 0, z: 0}
--- !u!1 &1909511882
GameObject:
  m_ObjectHideFlags: 0
  m_PrefabParentObject: {fileID: 1000012054598898, guid: 061d411002612d24d8210fc621ccdff7,
    type: 2}
  m_PrefabInternal: {fileID: 380608974}
  serializedVersion: 5
  m_Component:
  - component: {fileID: 1909511883}
  - component: {fileID: 1909511885}
  - component: {fileID: 1909511884}
  m_Layer: 5
  m_Name: Background
  m_TagString: Untagged
  m_Icon: {fileID: 0}
  m_NavMeshLayer: 0
  m_StaticEditorFlags: 0
  m_IsActive: 1
--- !u!224 &1909511883
RectTransform:
  m_ObjectHideFlags: 0
  m_PrefabParentObject: {fileID: 224000014019483638, guid: 061d411002612d24d8210fc621ccdff7,
    type: 2}
  m_PrefabInternal: {fileID: 380608974}
  m_GameObject: {fileID: 1909511882}
  m_LocalRotation: {x: -0, y: -0, z: -0, w: 1}
  m_LocalPosition: {x: 0, y: 0, z: 0}
  m_LocalScale: {x: 1, y: 1, z: 1}
  m_Children: []
  m_Father: {fileID: 1550885320}
  m_RootOrder: 0
  m_LocalEulerAnglesHint: {x: 0, y: 0, z: 0}
  m_AnchorMin: {x: 0.5, y: 0.5}
  m_AnchorMax: {x: 0.5, y: 0.5}
  m_AnchoredPosition: {x: 0, y: 0}
  m_SizeDelta: {x: 432, y: 432}
  m_Pivot: {x: 0.5, y: 0.5}
--- !u!114 &1909511884
MonoBehaviour:
  m_ObjectHideFlags: 0
  m_PrefabParentObject: {fileID: 114000013099696734, guid: 061d411002612d24d8210fc621ccdff7,
    type: 2}
  m_PrefabInternal: {fileID: 380608974}
  m_GameObject: {fileID: 1909511882}
  m_Enabled: 1
  m_EditorHideFlags: 0
  m_Script: {fileID: -765806418, guid: f5f67c52d1564df4a8936ccd202a3bd8, type: 3}
  m_Name: 
  m_EditorClassIdentifier: 
  m_Material: {fileID: 0}
  m_Color: {r: 1, g: 1, b: 1, a: 1}
  m_RaycastTarget: 0
  m_OnCullStateChanged:
    m_PersistentCalls:
      m_Calls: []
    m_TypeName: UnityEngine.UI.MaskableGraphic+CullStateChangedEvent, UnityEngine.UI,
      Version=1.0.0.0, Culture=neutral, PublicKeyToken=null
  m_Sprite: {fileID: 21300000, guid: c78bcf67c720b2949b8bca6da5440ba4, type: 3}
  m_Type: 0
  m_PreserveAspect: 0
  m_FillCenter: 1
  m_FillMethod: 4
  m_FillAmount: 1
  m_FillClockwise: 1
  m_FillOrigin: 0
--- !u!222 &1909511885
CanvasRenderer:
  m_ObjectHideFlags: 0
  m_PrefabParentObject: {fileID: 222000010780443210, guid: 061d411002612d24d8210fc621ccdff7,
    type: 2}
  m_PrefabInternal: {fileID: 380608974}
  m_GameObject: {fileID: 1909511882}
--- !u!1 &1947894526
GameObject:
  m_ObjectHideFlags: 0
  m_PrefabParentObject: {fileID: 1000011661257252, guid: 4c69b0f239183c048a6c1ab7e75ec6ff,
    type: 2}
  m_PrefabInternal: {fileID: 1738589535}
  serializedVersion: 5
  m_Component:
  - component: {fileID: 1947894527}
  - component: {fileID: 1947894529}
  - component: {fileID: 1947894528}
  m_Layer: 5
  m_Name: Outside
  m_TagString: Untagged
  m_Icon: {fileID: 0}
  m_NavMeshLayer: 0
  m_StaticEditorFlags: 0
  m_IsActive: 1
--- !u!224 &1947894527
RectTransform:
  m_ObjectHideFlags: 0
  m_PrefabParentObject: {fileID: 224000013947790978, guid: 4c69b0f239183c048a6c1ab7e75ec6ff,
    type: 2}
  m_PrefabInternal: {fileID: 1738589535}
  m_GameObject: {fileID: 1947894526}
  m_LocalRotation: {x: -0, y: -0, z: -0, w: 1}
  m_LocalPosition: {x: 0, y: 0, z: 0}
  m_LocalScale: {x: 1, y: 1, z: 1}
  m_Children: []
  m_Father: {fileID: 1450697786}
  m_RootOrder: 1
  m_LocalEulerAnglesHint: {x: 0, y: 0, z: 0}
  m_AnchorMin: {x: 0.5, y: 0.5}
  m_AnchorMax: {x: 0.5, y: 0.5}
  m_AnchoredPosition: {x: 0, y: 0}
  m_SizeDelta: {x: 512, y: 512}
  m_Pivot: {x: 0.5, y: 0.5}
--- !u!114 &1947894528
MonoBehaviour:
  m_ObjectHideFlags: 0
  m_PrefabParentObject: {fileID: 114000014255866152, guid: 4c69b0f239183c048a6c1ab7e75ec6ff,
    type: 2}
  m_PrefabInternal: {fileID: 1738589535}
  m_GameObject: {fileID: 1947894526}
  m_Enabled: 1
  m_EditorHideFlags: 0
  m_Script: {fileID: -765806418, guid: f5f67c52d1564df4a8936ccd202a3bd8, type: 3}
  m_Name: 
  m_EditorClassIdentifier: 
  m_Material: {fileID: 0}
  m_Color: {r: 1, g: 1, b: 1, a: 1}
  m_RaycastTarget: 1
  m_OnCullStateChanged:
    m_PersistentCalls:
      m_Calls: []
    m_TypeName: UnityEngine.UI.MaskableGraphic+CullStateChangedEvent, UnityEngine.UI,
      Version=1.0.0.0, Culture=neutral, PublicKeyToken=null
  m_Sprite: {fileID: 21300000, guid: 00aae506417610a47ba515dcc85fd0ff, type: 3}
  m_Type: 0
  m_PreserveAspect: 0
  m_FillCenter: 1
  m_FillMethod: 4
  m_FillAmount: 1
  m_FillClockwise: 1
  m_FillOrigin: 0
--- !u!222 &1947894529
CanvasRenderer:
  m_ObjectHideFlags: 0
  m_PrefabParentObject: {fileID: 222000011387862676, guid: 4c69b0f239183c048a6c1ab7e75ec6ff,
    type: 2}
  m_PrefabInternal: {fileID: 1738589535}
  m_GameObject: {fileID: 1947894526}
--- !u!1 &1991438032
GameObject:
  m_ObjectHideFlags: 0
  m_PrefabParentObject: {fileID: 0}
  m_PrefabInternal: {fileID: 0}
  serializedVersion: 5
  m_Component:
  - component: {fileID: 1991438033}
  - component: {fileID: 1991438034}
  m_Layer: 0
  m_Name: UdpClient
  m_TagString: Untagged
  m_Icon: {fileID: 0}
  m_NavMeshLayer: 0
  m_StaticEditorFlags: 0
  m_IsActive: 1
--- !u!4 &1991438033
Transform:
  m_ObjectHideFlags: 0
  m_PrefabParentObject: {fileID: 0}
  m_PrefabInternal: {fileID: 0}
  m_GameObject: {fileID: 1991438032}
  m_LocalRotation: {x: -0, y: -0, z: -0, w: 1}
  m_LocalPosition: {x: 0, y: 0, z: 0}
  m_LocalScale: {x: 1, y: 1, z: 1}
  m_Children: []
  m_Father: {fileID: 1893165745}
  m_RootOrder: 2
  m_LocalEulerAnglesHint: {x: 0, y: 0, z: 0}
--- !u!114 &1991438034
MonoBehaviour:
  m_ObjectHideFlags: 0
  m_PrefabParentObject: {fileID: 0}
  m_PrefabInternal: {fileID: 0}
  m_GameObject: {fileID: 1991438032}
  m_Enabled: 1
  m_EditorHideFlags: 0
  m_Script: {fileID: 11500000, guid: ef7062279f07f174e81fde0c5a68976a, type: 3}
  m_Name: 
  m_EditorClassIdentifier: 
  ip: 127.0.0.1
  port: 8001
  sendInputField: {fileID: 0}
  receiveStrText: {fileID: 0}
--- !u!1 &2078549715
GameObject:
  m_ObjectHideFlags: 0
  m_PrefabParentObject: {fileID: 1000013484132958, guid: 061d411002612d24d8210fc621ccdff7,
    type: 2}
  m_PrefabInternal: {fileID: 380608974}
  serializedVersion: 5
  m_Component:
  - component: {fileID: 2078549716}
  - component: {fileID: 2078549718}
  - component: {fileID: 2078549717}
  m_Layer: 5
  m_Name: CurrentItemHighlight
  m_TagString: Untagged
  m_Icon: {fileID: 0}
  m_NavMeshLayer: 0
  m_StaticEditorFlags: 0
  m_IsActive: 1
--- !u!224 &2078549716
RectTransform:
  m_ObjectHideFlags: 0
  m_PrefabParentObject: {fileID: 224000013973173286, guid: 061d411002612d24d8210fc621ccdff7,
    type: 2}
  m_PrefabInternal: {fileID: 380608974}
  m_GameObject: {fileID: 2078549715}
  m_LocalRotation: {x: -0, y: -0, z: -0, w: 1}
  m_LocalPosition: {x: 0, y: 0, z: 0}
  m_LocalScale: {x: 1, y: 1, z: 1}
  m_Children: []
  m_Father: {fileID: 1550885320}
  m_RootOrder: 1
  m_LocalEulerAnglesHint: {x: 0, y: 0, z: 0}
  m_AnchorMin: {x: 0.5, y: 0.5}
  m_AnchorMax: {x: 0.5, y: 0.5}
  m_AnchoredPosition: {x: 0, y: 0}
  m_SizeDelta: {x: 432, y: 432}
  m_Pivot: {x: 0.5, y: 0.5}
--- !u!114 &2078549717
MonoBehaviour:
  m_ObjectHideFlags: 0
  m_PrefabParentObject: {fileID: 114000012428316162, guid: 061d411002612d24d8210fc621ccdff7,
    type: 2}
  m_PrefabInternal: {fileID: 380608974}
  m_GameObject: {fileID: 2078549715}
  m_Enabled: 1
  m_EditorHideFlags: 0
  m_Script: {fileID: -765806418, guid: f5f67c52d1564df4a8936ccd202a3bd8, type: 3}
  m_Name: 
  m_EditorClassIdentifier: 
  m_Material: {fileID: 0}
  m_Color: {r: 1, g: 1, b: 1, a: 1}
  m_RaycastTarget: 0
  m_OnCullStateChanged:
    m_PersistentCalls:
      m_Calls: []
    m_TypeName: UnityEngine.UI.MaskableGraphic+CullStateChangedEvent, UnityEngine.UI,
      Version=1.0.0.0, Culture=neutral, PublicKeyToken=null
  m_Sprite: {fileID: 21300000, guid: 1ab684507cc966045b99e7794754fd7f, type: 3}
  m_Type: 3
  m_PreserveAspect: 0
  m_FillCenter: 1
  m_FillMethod: 4
  m_FillAmount: 0.5
  m_FillClockwise: 1
  m_FillOrigin: 1
--- !u!222 &2078549718
CanvasRenderer:
  m_ObjectHideFlags: 0
  m_PrefabParentObject: {fileID: 222000012707784406, guid: 061d411002612d24d8210fc621ccdff7,
    type: 2}
  m_PrefabInternal: {fileID: 380608974}
  m_GameObject: {fileID: 2078549715}
